<?xml version="1.0" encoding="UTF-8"?>
<!DOCTYPE html PUBLIC "-//W3C//DTD XHTML 1.0 Transitional//EN"
    "http://www.w3.org/TR/xhtml1/DTD/xhtml1-transitional.dtd">
<html xmlns="http://www.w3.org/1999/xhtml" xml:lang="en" lang="en">
 <head>
  <title>
</title>
<meta http-equiv="Content-Type" content="text/html;charset=utf-8" />
  <meta name='ocr-system' content='tesseract 3.04.00' />
  <meta name='ocr-capabilities' content='ocr_page ocr_carea ocr_par ocr_line ocrx_word'/>
</head>
<body>
  <div class='ocr_page' id='page_1' title='image "./studiainaeschyl00ruckgoog_0052.png"; bbox 0 0 3216 5040; ppageno 0'>
   <div class='ocr_carea' id='block_1_1' title="bbox 704 215 862 303">
    <p class='ocr_par' dir='ltr' id='par_1_1' title="bbox 704 215 862 303">
     <span class='ocr_line' id='line_1_1' title="bbox 704 215 862 303; baseline -0.013 -15"><span class='ocrx_word' id='word_1_1' title='bbox 704 215 862 303; x_wconf 58' lang='lat'>443-</span> 
     </span>
    </p>
   </div>
   <div class='ocr_carea' id='block_1_2' title="bbox 82 390 1496 4636">
    <p class='ocr_par' dir='ltr' id='par_1_2' title="bbox 82 390 1496 2822">
     <span class='ocr_line' id='line_1_2' title="bbox 145 390 1437 479; baseline -0.003 -17"><span class='ocrx_word' id='word_1_2' title='bbox 145 395 208 463; x_wconf 90' lang='lat' dir='ltr'>Or.</span> <span class='ocrx_word' id='word_1_3' title='bbox 234 414 266 479; x_wconf 91' lang='lat' dir='ltr'>p.</span> <span class='ocrx_word' id='word_1_4' title='bbox 293 399 346 474; x_wconf 85' lang='lat'>52,</span> <span class='ocrx_word' id='word_1_5' title='bbox 371 393 446 474; x_wconf 91' lang='lat' dir='ltr'>,der</span> <span class='ocrx_word' id='word_1_6' title='bbox 470 390 607 476; x_wconf 88' lang='lat' dir='ltr'>Schrei,</span> <span class='ocrx_word' id='word_1_7' title='bbox 626 395 687 457; x_wconf 91' lang='lat' dir='ltr'>mit</span> <span class='ocrx_word' id='word_1_8' title='bbox 710 393 789 457; x_wconf 90' lang='lat' dir='ltr'>dem</span> <span class='ocrx_word' id='word_1_9' title='bbox 822 394 872 456; x_wconf 91' lang='lat' dir='ltr'>sie</span> <span class='ocrx_word' id='word_1_10' title='bbox 900 390 1210 472; x_wconf 82' lang='lat' dir='ltr'>freudejauchzend</span> <span class='ocrx_word' id='word_1_11' title='bbox 1237 394 1298 458; x_wconf 90' lang='lat' dir='ltr'>das</span> <span class='ocrx_word' id='word_1_12' title='bbox 1325 392 1437 468; x_wconf 89' lang='lat' dir='ltr'>Fanal</span> 
     </span>
     <span class='ocr_line' id='line_1_3' title="bbox 145 482 1426 589; baseline -0.004 -19"><span class='ocrx_word' id='word_1_13' title='bbox 145 482 315 589; x_wconf 82' lang='lat' dir='ltr'>begriisst,</span> <span class='ocrx_word' id='word_1_14' title='bbox 328 500 410 585; x_wconf 80' lang='lat' dir='ltr'>gellt</span> <span class='ocrx_word' id='word_1_15' title='bbox 430 499 540 564; x_wconf 81' lang='lat' dir='ltr'>durch</span> <span class='ocrx_word' id='word_1_16' title='bbox 565 500 626 564; x_wconf 91' lang='lat' dir='ltr'>das</span> <span class='ocrx_word' id='word_1_17' title='bbox 643 496 810 580; x_wconf 87' lang='lat' dir='ltr'>Sebloss),</span> <span class='ocrx_word' id='word_1_18' title='bbox 829 495 1107 582; x_wconf 84' lang='lat' dir='ltr'>Clytaemestrae</span> <span class='ocrx_word' id='word_1_19' title='bbox 1125 502 1329 582; x_wconf 89' lang='lat' dir='ltr'>praesertim</span> <span class='ocrx_word' id='word_1_20' title='bbox 1348 518 1426 565; x_wconf 91' lang='lat' dir='ltr'>cum</span> 
     </span>
     <span class='ocr_line' id='line_1_4' title="bbox 142 605 1496 692; baseline -0.005 -15"><span class='ocrx_word' id='word_1_21' title='bbox 142 629 191 691; x_wconf 92' lang='lat' dir='ltr'>ea,</span> <span class='ocrx_word' id='word_1_22' title='bbox 224 627 313 692; x_wconf 90' lang='lat' dir='ltr'>quae</span> <span class='ocrx_word' id='word_1_23' title='bbox 344 609 378 670; x_wconf 96' lang='lat' dir='ltr'>in</span> <span class='ocrx_word' id='word_1_24' title='bbox 408 608 522 671; x_wconf 93' lang='lat' dir='ltr'>animo</span> <span class='ocrx_word' id='word_1_25' title='bbox 554 608 668 686; x_wconf 84' lang='lat' dir='ltr'>sentit,</span> <span class='ocrx_word' id='word_1_26' title='bbox 714 619 810 670; x_wconf 90' lang='lat' dir='ltr'>caute</span> <span class='ocrx_word' id='word_1_27' title='bbox 843 605 971 682; x_wconf 77' lang='lat' dir='ltr'>abdere</span> <span class='ocrx_word' id='word_1_28' title='bbox 1003 605 1120 686; x_wconf 82' lang='lat' dir='ltr'>soleat,</span> <span class='ocrx_word' id='word_1_29' title='bbox 1152 605 1291 671; x_wconf 82' lang='lat' dir='ltr'>attribui</span> <span class='ocrx_word' id='word_1_30' title='bbox 1322 625 1427 690; x_wconf 90' lang='lat' dir='ltr'>posse</span> <span class='ocrx_word' id='word_1_31' title='bbox 1493 656 1496 670; x_wconf 81' lang='lat'>.</span> 
     </span>
     <span class='ocr_line' id='line_1_5' title="bbox 142 711 1428 796; baseline -0.002 -14"><span class='ocrx_word' id='word_1_32' title='bbox 142 714 334 782; x_wconf 89' lang='lat' dir='ltr'>verisimile</span> <span class='ocrx_word' id='word_1_33' title='bbox 359 727 421 793; x_wconf 89' lang='lat' dir='ltr'>est,</span> <span class='ocrx_word' id='word_1_34' title='bbox 447 731 549 796; x_wconf 88' lang='lat' dir='ltr'>quam</span> <span class='ocrx_word' id='word_1_35' title='bbox 575 711 619 776; x_wconf 89' lang='lat' dir='ltr'>ob</span> <span class='ocrx_word' id='word_1_36' title='bbox 646 731 717 777; x_wconf 92' lang='lat' dir='ltr'>rem</span> <span class='ocrx_word' id='word_1_37' title='bbox 745 711 807 777; x_wconf 90' lang='lat' dir='ltr'>hae</span> <span class='ocrx_word' id='word_1_38' title='bbox 841 731 980 796; x_wconf 88' lang='lat' dir='ltr'>quoque</span> <span class='ocrx_word' id='word_1_39' title='bbox 1012 731 1055 778; x_wconf 92' lang='lat' dir='ltr'>ex</span> <span class='ocrx_word' id='word_1_40' title='bbox 1087 726 1183 796; x_wconf 91' lang='lat' dir='ltr'>parte</span> <span class='ocrx_word' id='word_1_41' title='bbox 1216 712 1363 779; x_wconf 90' lang='lat' dir='ltr'>Medicei</span> <span class='ocrx_word' id='word_1_42' title='bbox 1393 729 1428 779; x_wconf 88' lang='lat' dir='ltr'>et</span> 
     </span>
     <span class='ocr_line' id='line_1_6' title="bbox 144 807 1427 905; baseline -0.003 -17"><span class='ocrx_word' id='word_1_43' title='bbox 144 820 306 888; x_wconf 92' lang='lat' dir='ltr'>Verrallii</span> <span class='ocrx_word' id='word_1_44' title='bbox 337 835 519 904; x_wconf 65' lang='grc' dir='ltr'>ὲαρθρατειν</span> <span class='ocrx_word' id='word_1_45' title='bbox 544 832 577 883; x_wconf 92' lang='lat' dir='ltr'>ct</span> <span class='ocrx_word' id='word_1_46' title='bbox 602 821 921 902; x_wconf 76' lang='lat' dir='ltr'>interpretationem</span> <span class='ocrx_word' id='word_1_47' title='bbox 949 818 1052 884; x_wconf 90' lang='lat' dir='ltr'>buius</span> <span class='ocrx_word' id='word_1_48' title='bbox 1066 807 1183 900; x_wconf 81' lang='lat' dir='ltr'>verbi,</span> <span class='ocrx_word' id='word_1_49' title='bbox 1201 838 1303 905; x_wconf 91' lang='lat' dir='ltr'>quam</span> <span class='ocrx_word' id='word_1_50' title='bbox 1322 839 1427 904; x_wconf 89' lang='lat' dir='ltr'>supra</span> 
     </span>
     <span class='ocr_line' id='line_1_7' title="bbox 146 923 1428 1011; baseline -0.002 -17"><span class='ocrx_word' id='word_1_51' title='bbox 146 929 334 994; x_wconf 90' lang='lat' dir='ltr'>secund-um</span> <span class='ocrx_word' id='word_1_52' title='bbox 360 925 572 991; x_wconf 89' lang='lat' dir='ltr'>Verrallium</span> <span class='ocrx_word' id='word_1_53' title='bbox 599 928 757 1008; x_wconf 88' lang='lat' dir='ltr'>exposui,</span> <span class='ocrx_word' id='word_1_54' title='bbox 783 924 818 1008; x_wconf 90' lang='lat' dir='ltr'>(i.</span> <span class='ocrx_word' id='word_1_55' title='bbox 849 943 878 990; x_wconf 91' lang='lat' dir='ltr'>e.</span> <span class='ocrx_word' id='word_1_56' title='bbox 911 923 1216 1009; x_wconf 81' lang='lat' dir='ltr'>Clytaemestram,</span> <span class='ocrx_word' id='word_1_57' title='bbox 1249 942 1286 992; x_wconf 92' lang='lat' dir='ltr'>ut</span> <span class='ocrx_word' id='word_1_58' title='bbox 1315 927 1428 1011; x_wconf 86' lang='lat' dir='ltr'>religi-</span> 
     </span>
     <span class='ocr_line' id='line_1_8' title="bbox 82 1030 1425 1116; baseline -0.002 -15"><span class='ocrx_word' id='word_1_59' title='bbox 82 1031 83 1034; x_wconf 66' lang='grc'>’</span> <span class='ocrx_word' id='word_1_60' title='bbox 146 1055 249 1102; x_wconf 95' lang='lat' dir='ltr'>onum</span> <span class='ocrx_word' id='word_1_61' title='bbox 276 1034 401 1099; x_wconf 91' lang='lat' dir='ltr'>bonam</span> <span class='ocrx_word' id='word_1_62' title='bbox 429 1035 578 1116; x_wconf 91' lang='lat' dir='ltr'>speeiem</span> <span class='ocrx_word' id='word_1_63' title='bbox 604 1047 783 1098; x_wconf 89' lang='lat' dir='ltr'>externam</span> <span class='ocrx_word' id='word_1_64' title='bbox 804 1051 896 1116; x_wconf 90' lang='lat' dir='ltr'>prae</span> <span class='ocrx_word' id='word_1_65' title='bbox 925 1051 962 1098; x_wconf 79' lang='lat' dir='ltr'>se</span> <span class='ocrx_word' id='word_1_66' title='bbox 988 1030 1083 1114; x_wconf 87' lang='lat' dir='ltr'>ierat,</span> <span class='ocrx_word' id='word_1_67' title='bbox 1115 1051 1193 1099; x_wconf 92' lang='lat' dir='ltr'>cum</span> <span class='ocrx_word' id='word_1_68' title='bbox 1225 1033 1425 1099; x_wconf 92' lang='lat' dir='ltr'>ancillarum</span> 
     </span>
     <span class='ocr_line' id='line_1_9' title="bbox 143 1139 1427 1224; baseline -0.001 -17"><span class='ocrx_word' id='word_1_69' title='bbox 143 1158 243 1208; x_wconf 91' lang='lat' dir='ltr'>coetu</span> <span class='ocrx_word' id='word_1_70' title='bbox 269 1140 439 1223; x_wconf 89' lang='lat' dir='ltr'>hymnum</span> <span class='ocrx_word' id='word_1_71' title='bbox 465 1141 670 1204; x_wconf 90' lang='lat' dir='ltr'>matutinum</span> <span class='ocrx_word' id='word_1_72' title='bbox 697 1154 833 1204; x_wconf 89' lang='lat' dir='ltr'>cantare</span> <span class='ocrx_word' id='word_1_73' title='bbox 858 1156 937 1224; x_wconf 85' lang='lat' dir='ltr'>erga</span> <span class='ocrx_word' id='word_1_74' title='bbox 962 1139 1047 1205; x_wconf 91' lang='lat' dir='ltr'>deos</span> <span class='ocrx_word' id='word_1_75' title='bbox 1071 1141 1198 1224; x_wconf 87' lang='lat' dir='ltr'>gratiae</span> <span class='ocrx_word' id='word_1_76' title='bbox 1224 1154 1257 1205; x_wconf 91' lang='lat' dir='ltr'>et</span> <span class='ocrx_word' id='word_1_77' title='bbox 1276 1141 1427 1206; x_wconf 68' lang='lat' dir='ltr'>&#39;laetitiae</span> 
     </span>
     <span class='ocr_line' id='line_1_10' title="bbox 142 1243 1427 1334; baseline 0 -20"><span class='ocrx_word' id='word_1_78' title='bbox 142 1246 301 1334; x_wconf 90' lang='lat' dir='ltr'>plenum)</span> <span class='ocrx_word' id='word_1_79' title='bbox 326 1245 550 1330; x_wconf 85' lang='lat' dir='ltr'>praeferenda</span> <span class='ocrx_word' id='word_1_80' title='bbox 576 1263 653 1311; x_wconf 91' lang='lat' dir='ltr'>esse</span> <span class='ocrx_word' id='word_1_81' title='bbox 690 1265 825 1312; x_wconf 90' lang='lat' dir='ltr'>censeo.</span> <span class='ocrx_word' id='word_1_82' title='bbox 874 1243 1039 1311; x_wconf 89' lang='lat' dir='ltr'>Similiter</span> <span class='ocrx_word' id='word_1_83' title='bbox 1072 1260 1162 1312; x_wconf 91' lang='lat' dir='ltr'>recte</span> <span class='ocrx_word' id='word_1_84' title='bbox 1187 1246 1363 1313; x_wconf 88' lang='lat' dir='ltr'>Wellauer</span> <span class='ocrx_word' id='word_1_85' title='bbox 1394 1263 1427 1314; x_wconf 94' lang='lat' dir='ltr'>et</span> 
     </span>
     <span class='ocr_line' id='line_1_11' title="bbox 146 1351 1425 1439; baseline 0 -19"><span class='ocrx_word' id='word_1_86' title='bbox 146 1354 327 1420; x_wconf 71' lang='lat' dir='ltr'>Hermann</span> <span class='ocrx_word' id='word_1_87' title='bbox 364 1351 426 1438; x_wconf 76' lang='lat' dir='ltr'>Ag.</span> <span class='ocrx_word' id='word_1_88' title='bbox 460 1357 526 1418; x_wconf 79' lang='grc'>266</span> <span class='ocrx_word' id='word_1_89' title='bbox 563 1370 687 1437; x_wconf 60' lang='lat' dir='ltr'>saraptim</span> <span class='ocrx_word' id='word_1_90' title='bbox 711 1368 801 1430; x_wconf 71' lang='grc' dir='ltr'>αὐταῖς</span> <span class='ocrx_word' id='word_1_91' title='bbox 835 1355 866 1417; x_wconf 86' lang='grc'>111</span> <span class='ocrx_word' id='word_1_92' title='bbox 903 1367 1044 1439; x_wconf 78' lang='grc' dir='ltr'>σύνορθρον</span> <span class='ocrx_word' id='word_1_93' title='bbox 1065 1368 1157 1436; x_wconf 68' lang='grc' dir='ltr'>αὒγαῑς</span> <span class='ocrx_word' id='word_1_94' title='bbox 1192 1369 1425 1420; x_wconf 69' lang='lat' dir='ltr'>mutaverunt.</span> 
     </span>
     <span class='ocr_line' id='line_1_12' title="bbox 146 1456 1428 1550; baseline -0.002 -21"><span class='ocrx_word' id='word_1_95' title='bbox 146 1456 204 1531; x_wconf 77' lang='lat' dir='ltr'>cf.</span> <span class='ocrx_word' id='word_1_96' title='bbox 219 1464 318 1526; x_wconf 91' lang='lat' dir='ltr'>etiam</span> <span class='ocrx_word' id='word_1_97' title='bbox 329 1459 512 1550; x_wconf 48' lang='lat' dir='ltr'>¹Wecklein</span> <span class='ocrx_word' id='word_1_98' title='bbox 527 1458 592 1526; x_wconf 90' lang='lat' dir='ltr'>Or.</span> <span class='ocrx_word' id='word_1_99' title='bbox 609 1461 661 1525; x_wconf 89' lang='lat' dir='ltr'>ad.</span> <span class='ocrx_word' id='word_1_100' title='bbox 677 1457 740 1544; x_wconf 86' lang='lat' dir='ltr'>Ag.</span> <span class='ocrx_word' id='word_1_101' title='bbox 749 1463 824 1524; x_wconf 80' lang='lat'>266.</span> <span class='ocrx_word' id='word_1_102' title='bbox 863 1459 914 1524; x_wconf 88' lang='lat' dir='ltr'>Ex</span> <span class='ocrx_word' id='word_1_103' title='bbox 929 1459 982 1524; x_wconf 92' lang='lat' dir='ltr'>bis</span> <span class='ocrx_word' id='word_1_104' title='bbox 995 1478 1084 1543; x_wconf 89' lang='lat' dir='ltr'>quae</span> <span class='ocrx_word' id='word_1_105' title='bbox 1097 1461 1174 1526; x_wconf 89' lang='lat' dir='ltr'>dixi</span> <span class='ocrx_word' id='word_1_106' title='bbox 1188 1476 1328 1544; x_wconf 89' lang='lat' dir='ltr'>apparet</span> <span class='ocrx_word' id='word_1_107' title='bbox 1345 1480 1428 1545; x_wconf 91' lang='lat' dir='ltr'>poe-</span> 
     </span>
     <span class='ocr_line' id='line_1_13' title="bbox 146 1567 1427 1655; baseline -0.001 -20"><span class='ocrx_word' id='word_1_108' title='bbox 146 1585 211 1635; x_wconf 89' lang='lat' dir='ltr'>tam</span> <span class='ocrx_word' id='word_1_109' title='bbox 245 1581 428 1652; x_wconf 89' lang='lat' dir='ltr'>praesente</span> <span class='ocrx_word' id='word_1_110' title='bbox 456 1583 576 1655; x_wconf 61' lang='lat' dir='ltr'>wpatn„</span> <span class='ocrx_word' id='word_1_111' title='bbox 610 1582 643 1632; x_wconf 93' lang='lat' dir='ltr'>et</span> <span class='ocrx_word' id='word_1_112' title='bbox 676 1567 843 1632; x_wconf 89' lang='lat' dir='ltr'>adverbio</span> <span class='ocrx_word' id='word_1_113' title='bbox 874 1590 955 1652; x_wconf 59' lang='grc' dir='ltr'>τορῶς</span> <span class='ocrx_word' id='word_1_114' title='bbox 984 1585 1052 1633; x_wconf 97' lang='lat' dir='ltr'>non</span> <span class='ocrx_word' id='word_1_115' title='bbox 1083 1568 1234 1632; x_wconf 91' lang='lat' dir='ltr'>indicare</span> <span class='ocrx_word' id='word_1_116' title='bbox 1271 1568 1427 1634; x_wconf 89' lang='lat' dir='ltr'>voluisse</span> 
     </span>
     <span class='ocr_line' id='line_1_14' title="bbox 142 1669 1426 1769; baseline -0.001 -28"><span class='ocrx_word' id='word_1_117' title='bbox 142 1676 322 1741; x_wconf 90' lang='lat' dir='ltr'>custodem</span> <span class='ocrx_word' id='word_1_118' title='bbox 349 1690 472 1758; x_wconf 86' lang='lat' dir='ltr'>magno</span> <span class='ocrx_word' id='word_1_119' title='bbox 497 1675 646 1739; x_wconf 89' lang='lat' dir='ltr'>clamore</span> <span class='ocrx_word' id='word_1_120' title='bbox 672 1673 823 1765; x_wconf 82' lang='lat' dir='ltr'>reginam</span> <span class='ocrx_word' id='word_1_121' title='bbox 850 1691 893 1738; x_wconf 95' lang='lat' dir='ltr'>ex</span> <span class='ocrx_word' id='word_1_122' title='bbox 919 1691 1043 1769; x_wconf 92' lang='lat' dir='ltr'>somno</span> <span class='ocrx_word' id='word_1_123' title='bbox 1067 1669 1228 1738; x_wconf 62' lang='lat' dir='ltr'>excitare*</span> <span class='ocrx_word' id='word_1_124' title='bbox 1239 1675 1426 1755; x_wconf 89' lang='lat' dir='ltr'>studuisse,</span> 
     </span>
     <span class='ocr_line' id='line_1_15' title="bbox 141 1779 1424 1868; baseline -0.002 -20"><span class='ocrx_word' id='word_1_125' title='bbox 141 1801 245 1868; x_wconf 91' lang='lat' dir='ltr'>quam</span> <span class='ocrx_word' id='word_1_126' title='bbox 271 1780 536 1864; x_wconf 84' lang='lat' dir='ltr'>explicationem</span> <span class='ocrx_word' id='word_1_127' title='bbox 555 1797 725 1863; x_wconf 89' lang='lat' dir='ltr'>perverso</span> <span class='ocrx_word' id='word_1_128' title='bbox 742 1779 947 1863; x_wconf 86' lang='lat' dir='ltr'>glossemate</span> <span class='ocrx_word' id='word_1_129' title='bbox 965 1793 1159 1866; x_wconf 62' lang='grc' dir='ltr'>με-,οτοφανως</span> <span class='ocrx_word' id='word_1_130' title='bbox 1178 1782 1328 1845; x_wconf 89' lang='lat' dir='ltr'>adiutam</span> <span class='ocrx_word' id='word_1_131' title='bbox 1347 1799 1424 1862; x_wconf 85' lang='lat' dir='ltr'>esse</span> 
     </span>
     <span class='ocr_line' id='line_1_16' title="bbox 141 1867 1428 1973; baseline -0.002 -19"><span class='ocrx_word' id='word_1_132' title='bbox 141 1905 249 1973; x_wconf 88' lang='lat' dir='ltr'>supra</span> <span class='ocrx_word' id='word_1_133' title='bbox 274 1888 556 1953; x_wconf 89' lang='lat' dir='ltr'>commemoravi.</span> <span class='ocrx_word' id='word_1_134' title='bbox 605 1884 720 1969; x_wconf 82' lang='lat' dir='ltr'>Atque</span> <span class='ocrx_word' id='word_1_135' title='bbox 745 1867 826 1971; x_wconf 62' lang='grc' dir='ltr'>αρος</span> <span class='ocrx_word' id='word_1_136' title='bbox 848 1884 1041 1970; x_wconf 84' lang='lat' dir='ltr'>significare</span> <span class='ocrx_word' id='word_1_137' title='bbox 1070 1889 1286 1971; x_wconf 88' lang='lat' dir='ltr'>,perspicue‘,</span> <span class='ocrx_word' id='word_1_138' title='bbox 1318 1906 1428 1968; x_wconf 91' lang='lat' dir='ltr'>,aceu-</span> 
     </span>
     <span class='ocr_line' id='line_1_17' title="bbox 144 1992 1426 2078; baseline 0 -19"><span class='ocrx_word' id='word_1_139' title='bbox 144 1996 227 2060; x_wconf 88' lang='lat' dir='ltr'>rate‘</span> <span class='ocrx_word' id='word_1_140' title='bbox 253 2012 320 2059; x_wconf 97' lang='lat' dir='ltr'>non</span> <span class='ocrx_word' id='word_1_141' title='bbox 345 2010 481 2077; x_wconf 85' lang='lat' dir='ltr'>,magno</span> <span class='ocrx_word' id='word_1_142' title='bbox 506 2011 582 2057; x_wconf 91' lang='lat' dir='ltr'>cum</span> <span class='ocrx_word' id='word_1_143' title='bbox 609 1992 771 2056; x_wconf 82' lang='lat' dir='ltr'>clamore‘</span> <span class='ocrx_word' id='word_1_144' title='bbox 799 1995 923 2057; x_wconf 90' lang='lat' dir='ltr'>ceteris</span> <span class='ocrx_word' id='word_1_145' title='bbox 954 1992 1117 2059; x_wconf 91' lang='lat' dir='ltr'>omnibus</span> <span class='ocrx_word' id='word_1_146' title='bbox 1143 1992 1309 2078; x_wconf 75' lang='lat' dir='ltr'>Aeschyli</span> <span class='ocrx_word' id='word_1_147' title='bbox 1342 1995 1426 2074; x_wconf 90' lang='lat' dir='ltr'>loeis</span> 
     </span>
     <span class='ocr_line' id='line_1_18' title="bbox 144 2095 1425 2185; baseline 0.002 -19"><span class='ocrx_word' id='word_1_148' title='bbox 144 2102 412 2166; x_wconf 89' lang='lat' dir='ltr'>demonstratur.</span> <span class='ocrx_word' id='word_1_149' title='bbox 462 2095 519 2166; x_wconf 85' lang='lat' dir='ltr'>Cf.</span> <span class='ocrx_word' id='word_1_150' title='bbox 537 2097 663 2164; x_wconf 88' lang='lat' dir='ltr'>¹Prom.</span> <span class='ocrx_word' id='word_1_151' title='bbox 687 2103 752 2163; x_wconf 82' lang='lat'>635</span> <span class='ocrx_word' id='word_1_152' title='bbox 778 2114 842 2178; x_wconf 68' lang='lat' dir='ltr'>‘atto</span> <span class='ocrx_word' id='word_1_153' title='bbox 862 2124 943 2185; x_wconf 66' lang='grc' dir='ltr'>τορος</span> <span class='ocrx_word' id='word_1_154' title='bbox 964 2135 1004 2166; x_wconf 62' lang='grc' dir='ltr'>σοι</span> <span class='ocrx_word' id='word_1_155' title='bbox 1025 2124 1081 2180; x_wconf 60' lang='grc' dir='ltr'>πᾶν,</span> <span class='ocrx_word' id='word_1_156' title='bbox 1102 2099 1219 2166; x_wconf 91' lang='lat' dir='ltr'>Prom.</span> <span class='ocrx_word' id='word_1_157' title='bbox 1245 2104 1425 2168; x_wconf 59' lang='grc'><strong>72511111-</strong></span> 
     </span>
     <span class='ocr_line' id='line_1_19' title="bbox 144 2205 1426 2295; baseline -0.002 -21"><span class='ocrx_word' id='word_1_158' title='bbox 144 2226 188 2274; x_wconf 80' lang='grc' dir='ltr'>πον</span> <span class='ocrx_word' id='word_1_159' title='bbox 209 2222 289 2292; x_wconf 64' lang='grc' dir='ltr'>ἄλγος</span> <span class='ocrx_word' id='word_1_160' title='bbox 309 2221 548 2293; x_wconf 72' lang='grc' dir='ltr'>προὺξεπὶοταοθατ</span> <span class='ocrx_word' id='word_1_161' title='bbox 568 2229 656 2291; x_wconf 74' lang='grc' dir='ltr'>τορῶς,</span> <span class='ocrx_word' id='word_1_162' title='bbox 693 2205 789 2270; x_wconf 74' lang='lat' dir='ltr'>Pei&#39;S.</span> <span class='ocrx_word' id='word_1_163' title='bbox 827 2211 891 2270; x_wconf 81' lang='lat'>482</span> <span class='ocrx_word' id='word_1_164' title='bbox 931 2218 1144 2295; x_wconf 68' lang='grc' dir='ltr'>οἷοθαοημῆνα·</span> <span class='ocrx_word' id='word_1_165' title='bbox 1166 2231 1254 2293; x_wconf 75' lang='grc' dir='ltr'>τορῶς,</span> <span class='ocrx_word' id='word_1_166' title='bbox 1293 2223 1325 2272; x_wconf 77' lang='lat' dir='ltr'>et</span> <span class='ocrx_word' id='word_1_167' title='bbox 1362 2208 1426 2273; x_wconf 71' lang='lat' dir='ltr'>alla</span> 
     </span>
     <span class='ocr_line' id='line_1_20' title="bbox 143 2311 1423 2400; baseline 0.002 -20"><span class='ocrx_word' id='word_1_168' title='bbox 143 2314 249 2380; x_wconf 90' lang='lat' dir='ltr'>multa</span> <span class='ocrx_word' id='word_1_169' title='bbox 274 2312 453 2396; x_wconf 73' lang='lat' dir='ltr'>exempla3</span> <span class='ocrx_word' id='word_1_170' title='bbox 478 2335 559 2397; x_wconf 58' lang='grc' dir='ltr'>τορῶς</span> <span class='ocrx_word' id='word_1_171' title='bbox 585 2315 686 2396; x_wconf 87' lang='lat' dir='ltr'>igitur</span> <span class='ocrx_word' id='word_1_172' title='bbox 711 2314 801 2377; x_wconf 93' lang='lat' dir='ltr'>idem</span> <span class='ocrx_word' id='word_1_173' title='bbox 827 2311 995 2397; x_wconf 85' lang='lat' dir='ltr'>signifieat</span> <span class='ocrx_word' id='word_1_174' title='bbox 1012 2315 1104 2398; x_wconf 89' lang='lat' dir='ltr'>quod</span> <span class='ocrx_word' id='word_1_175' title='bbox 1138 2330 1340 2400; x_wconf 54' lang='lat' dir='ltr'>mammaea,</span> <span class='ocrx_word' id='word_1_176' title='bbox 1360 2349 1423 2400; x_wconf 63' lang='lat' dir='ltr'>tpa-</span> 
     </span>
     <span class='ocr_line' id='line_1_21' title="bbox 140 2417 1425 2510; baseline 0.001 -22"><span class='ocrx_word' id='word_1_177' title='bbox 140 2446 189 2499; x_wconf 76' lang='grc' dir='ltr'>νῶς</span> <span class='ocrx_word' id='word_1_178' title='bbox 214 2419 271 2505; x_wconf 79' lang='lat' dir='ltr'><strong>(Cf.</strong></span> <span class='ocrx_word' id='word_1_179' title='bbox 298 2420 397 2485; x_wconf 80' lang='lat' dir='ltr'>Eum.</span> <span class='ocrx_word' id='word_1_180' title='bbox 422 2424 549 2505; x_wconf 58' lang='lat' dir='ltr'>45‘rpbp</span> <span class='ocrx_word' id='word_1_181' title='bbox 570 2437 617 2505; x_wconf 73' lang='grc' dir='ltr'>γὰρ</span> <span class='ocrx_word' id='word_1_182' title='bbox 638 2443 735 2505; x_wconf 72' lang='grc' dir='ltr'>τρανῶς</span> <span class='ocrx_word' id='word_1_183' title='bbox 760 2435 820 2506; x_wconf 75' lang='grc' dir='ltr'>ἐρῶ,</span> <span class='ocrx_word' id='word_1_184' title='bbox 846 2417 909 2504; x_wconf 70' lang='lat' dir='ltr'>Ag.</span> <span class='ocrx_word' id='word_1_185' title='bbox 939 2425 1023 2486; x_wconf 84' lang='grc'><strong>1370</strong></span> <span class='ocrx_word' id='word_1_186' title='bbox 1046 2448 1141 2507; x_wconf 82' lang='grc' dir='ltr'>τρανῶς</span> <span class='ocrx_word' id='word_1_187' title='bbox 1165 2435 1304 2510; x_wconf 72' lang='grc' dir='ltr'>Ἀτρείδην</span> <span class='ocrx_word' id='word_1_188' title='bbox 1331 2435 1425 2489; x_wconf 76' lang='grc' dir='ltr'>εἰδέναι</span> 
     </span>
     <span class='ocr_line' id='line_1_22' title="bbox 140 2521 1428 2615; baseline -0.002 -20"><span class='ocrx_word' id='word_1_189' title='bbox 140 2526 367 2614; x_wconf 51' lang='lat' dir='ltr'>apponenda.)</span> <span class='ocrx_word' id='word_1_190' title='bbox 401 2524 519 2611; x_wconf 89' lang='lat' dir='ltr'>Itaque</span> <span class='ocrx_word' id='word_1_191' title='bbox 544 2526 722 2591; x_wconf 92' lang='lat' dir='ltr'>vocabulis</span> <span class='ocrx_word' id='word_1_192' title='bbox 748 2543 869 2615; x_wconf 57' lang='grc' dir='ltr'>στρατω</span> <span class='ocrx_word' id='word_1_193' title='bbox 889 2551 970 2614; x_wconf 57' lang='grc' dir='ltr'>παρος</span> <span class='ocrx_word' id='word_1_194' title='bbox 990 2526 1072 2593; x_wconf 91' lang='lat' dir='ltr'>nihil</span> <span class='ocrx_word' id='word_1_195' title='bbox 1098 2527 1189 2592; x_wconf 89' lang='lat' dir='ltr'>aliud</span> <span class='ocrx_word' id='word_1_196' title='bbox 1215 2521 1428 2612; x_wconf 84' lang='lat' dir='ltr'>significatur</span> 
     </span>
     <span class='ocr_line' id='line_1_23' title="bbox 145 2632 1425 2720; baseline 0.003 -24"><span class='ocrx_word' id='word_1_197' title='bbox 145 2635 210 2696; x_wconf 89' lang='lat' dir='ltr'>nisi</span> <span class='ocrx_word' id='word_1_198' title='bbox 236 2634 412 2697; x_wconf 87' lang='lat' dir='ltr'>custodem</span> <span class='ocrx_word' id='word_1_199' title='bbox 439 2633 621 2698; x_wconf 89' lang='lat' dir='ltr'>eonsilium</span> <span class='ocrx_word' id='word_1_200' title='bbox 647 2636 781 2716; x_wconf 89' lang='lat' dir='ltr'>cepisse</span> <span class='ocrx_word' id='word_1_201' title='bbox 806 2632 945 2699; x_wconf 89' lang='lat' dir='ltr'>iirmum</span> <span class='ocrx_word' id='word_1_202' title='bbox 981 2634 1070 2700; x_wconf 93' lang='lat' dir='ltr'>illico</span> <span class='ocrx_word' id='word_1_203' title='bbox 1102 2637 1260 2700; x_wconf 89' lang='lat' dir='ltr'>nuntium</span> <span class='ocrx_word' id='word_1_204' title='bbox 1288 2637 1425 2720; x_wconf 87' lang='lat' dir='ltr'>reginae</span> 
     </span>
     <span class='ocr_line' id='line_1_24' title="bbox 144 2737 777 2822; baseline 0.005 -21"><span class='ocrx_word' id='word_1_205' title='bbox 144 2739 350 2822; x_wconf 69' lang='lat' dir='ltr'>perspicuis</span> <span class='ocrx_word' id='word_1_206' title='bbox 375 2737 474 2805; x_wconf 90' lang='lat' dir='ltr'>claris</span> <span class='ocrx_word' id='word_1_207' title='bbox 500 2738 619 2804; x_wconf 91' lang='lat' dir='ltr'>verbis</span> <span class='ocrx_word' id='word_1_208' title='bbox 643 2737 777 2804; x_wconf 82' lang='lat' dir='ltr'>afferre.</span> 
     </span>
    </p>

    <p class='ocr_par' dir='ltr' id='par_1_3' title="bbox 141 2842 1460 4636">
     <span class='ocr_line' id='line_1_25' title="bbox 234 2842 1426 2936; baseline 0.004 -29"><span class='ocrx_word' id='word_1_209' title='bbox 234 2842 303 2908; x_wconf 91' lang='lat' dir='ltr'>lam</span> <span class='ocrx_word' id='word_1_210' title='bbox 328 2845 370 2910; x_wconf 92' lang='lat' dir='ltr'>ad</span> <span class='ocrx_word' id='word_1_211' title='bbox 396 2843 498 2910; x_wconf 85' lang='lat' dir='ltr'>linem</span> <span class='ocrx_word' id='word_1_212' title='bbox 523 2845 737 2936; x_wconf 88' lang='lat' dir='ltr'>accedamus.</span> <span class='ocrx_word' id='word_1_213' title='bbox 787 2845 823 2910; x_wconf 89' lang='lat' dir='ltr'>ln</span> <span class='ocrx_word' id='word_1_214' title='bbox 850 2865 883 2910; x_wconf 93' lang='grc' dir='ltr'>ν.</span> <span class='ocrx_word' id='word_1_215' title='bbox 908 2850 952 2909; x_wconf 86' lang='grc'>36</span> <span class='ocrx_word' id='word_1_216' title='bbox 983 2864 1014 2912; x_wconf 65' lang='lat' dir='ltr'>aa</span> <span class='ocrx_word' id='word_1_217' title='bbox 1045 2859 1066 2912; x_wconf 71' lang='lat' dir='ltr'>a</span> <span class='ocrx_word' id='word_1_218' title='bbox 1096 2859 1165 2912; x_wconf 65' lang='lat' dir='ltr'>atra</span> <span class='ocrx_word' id='word_1_219' title='bbox 1197 2869 1270 2930; x_wconf 59' lang='lat' dir='ltr'>ayo,</span> <span class='ocrx_word' id='word_1_220' title='bbox 1299 2861 1360 2929; x_wconf 71' lang='lat' dir='ltr'>poa:</span> <span class='ocrx_word' id='word_1_221' title='bbox 1386 2861 1426 2930; x_wconf 59' lang='lat' dir='ltr'>eet</span> 
     </span>
     <span class='ocr_line' id='line_1_26' title="bbox 142 2951 1428 3040; baseline -0.002 -21"><span class='ocrx_word' id='word_1_222' title='bbox 142 2968 251 3038; x_wconf 59' lang='lat' dir='ltr'>pomp</span> <span class='ocrx_word' id='word_1_223' title='bbox 272 2968 354 3036; x_wconf 58' lang='grc' dir='ltr'>μέρος</span> <span class='ocrx_word' id='word_1_224' title='bbox 374 2967 487 3040; x_wconf 63' lang='grc' dir='ltr'>βέβηκεν</span> <span class='ocrx_word' id='word_1_225' title='bbox 511 2951 719 3017; x_wconf 89' lang='lat' dir='ltr'>vocabulum</span> <span class='ocrx_word' id='word_1_226' title='bbox 744 2969 804 3034; x_wconf 68' lang='grc' dir='ltr'>ρας</span> <span class='ocrx_word' id='word_1_227' title='bbox 827 2956 892 3018; x_wconf 89' lang='lat' dir='ltr'>iam</span> <span class='ocrx_word' id='word_1_228' title='bbox 918 2955 1107 3036; x_wconf 89' lang='lat' dir='ltr'>antiquitus</span> <span class='ocrx_word' id='word_1_229' title='bbox 1132 2953 1212 3017; x_wconf 91' lang='lat' dir='ltr'>inde</span> <span class='ocrx_word' id='word_1_230' title='bbox 1236 2952 1278 3016; x_wconf 93' lang='lat' dir='ltr'>ab</span> <span class='ocrx_word' id='word_1_231' title='bbox 1309 2952 1428 3036; x_wconf 90' lang='lat' dir='ltr'>Hesy-</span> 
     </span>
     <span class='ocr_line' id='line_1_27' title="bbox 142 3047 1424 3142; baseline 0 -18"><span class='ocrx_word' id='word_1_232' title='bbox 142 3058 219 3124; x_wconf 93' lang='lat' dir='ltr'>chio</span> <span class='ocrx_word' id='word_1_233' title='bbox 256 3061 406 3124; x_wconf 87' lang='lat' dir='ltr'>maxime</span> <span class='ocrx_word' id='word_1_234' title='bbox 442 3063 537 3124; x_wconf 91' lang='lat' dir='ltr'>varie</span> <span class='ocrx_word' id='word_1_235' title='bbox 574 3059 780 3142; x_wconf 90' lang='lat' dir='ltr'>explicatum</span> <span class='ocrx_word' id='word_1_236' title='bbox 814 3078 891 3124; x_wconf 90' lang='lat' dir='ltr'>esse</span> <span class='ocrx_word' id='word_1_237' title='bbox 920 3072 1063 3139; x_wconf 91' lang='lat' dir='ltr'>constat,</span> <span class='ocrx_word' id='word_1_238' title='bbox 1094 3059 1137 3124; x_wconf 98' lang='lat' dir='ltr'>de</span> <span class='ocrx_word' id='word_1_239' title='bbox 1168 3077 1234 3142; x_wconf 89' lang='lat' dir='ltr'>qua</span> <span class='ocrx_word' id='word_1_240' title='bbox 1273 3077 1310 3124; x_wconf 92' lang='lat' dir='ltr'>re</span> <span class='ocrx_word' id='word_1_241' title='bbox 1344 3047 1424 3124; x_wconf 92' lang='lat' dir='ltr'>vide</span> 
     </span>
     <span class='ocr_line' id='line_1_28' title="bbox 143 3165 1425 3250; baseline -0.001 -18"><span class='ocrx_word' id='word_1_242' title='bbox 143 3165 323 3232; x_wconf 89' lang='lat' dir='ltr'>Wecklein</span> <span class='ocrx_word' id='word_1_243' title='bbox 349 3165 414 3233; x_wconf 91' lang='lat' dir='ltr'>Or.</span> <span class='ocrx_word' id='word_1_244' title='bbox 439 3168 492 3231; x_wconf 91' lang='lat' dir='ltr'>ad.</span> <span class='ocrx_word' id='word_1_245' title='bbox 518 3185 551 3231; x_wconf 93' lang='grc' dir='ltr'>ν.</span> <span class='ocrx_word' id='word_1_246' title='bbox 576 3171 629 3246; x_wconf 86' lang='grc'>36,</span> <span class='ocrx_word' id='word_1_247' title='bbox 656 3166 713 3232; x_wconf 90' lang='lat' dir='ltr'>ubi</span> <span class='ocrx_word' id='word_1_248' title='bbox 738 3184 862 3232; x_wconf 89' lang='lat' dir='ltr'>omnes</span> <span class='ocrx_word' id='word_1_249' title='bbox 885 3168 1199 3249; x_wconf 79' lang='lat' dir='ltr'>interpretationes,</span> <span class='ocrx_word' id='word_1_250' title='bbox 1230 3183 1319 3250; x_wconf 89' lang='lat' dir='ltr'>quae</span> <span class='ocrx_word' id='word_1_251' title='bbox 1344 3182 1425 3231; x_wconf 91' lang='lat' dir='ltr'>sunt</span> 
     </span>
     <span class='ocr_line' id='line_1_29' title="bbox 144 3270 1425 3358; baseline 0.002 -22"><span class='ocrx_word' id='word_1_252' title='bbox 144 3272 280 3354; x_wconf 89' lang='lat' dir='ltr'>multae,</span> <span class='ocrx_word' id='word_1_253' title='bbox 305 3287 487 3358; x_wconf 85' lang='lat' dir='ltr'>congestae</span> <span class='ocrx_word' id='word_1_254' title='bbox 512 3288 610 3354; x_wconf 84' lang='lat' dir='ltr'>sunt3</span> <span class='ocrx_word' id='word_1_255' title='bbox 640 3274 732 3358; x_wconf 90' lang='lat' dir='ltr'>quod</span> <span class='ocrx_word' id='word_1_256' title='bbox 766 3275 840 3356; x_wconf 90' lang='lat' dir='ltr'>ipse</span> <span class='ocrx_word' id='word_1_257' title='bbox 864 3291 1004 3358; x_wconf 89' lang='lat' dir='ltr'>quoque</span> <span class='ocrx_word' id='word_1_258' title='bbox 1035 3272 1298 3356; x_wconf 89' lang='lat' dir='ltr'>explicationem</span> <span class='ocrx_word' id='word_1_259' title='bbox 1332 3270 1425 3338; x_wconf 91' lang='grc'><strong>1111113</strong></span> 
     </span>
     <span class='ocr_line' id='line_1_30' title="bbox 144 3371 1460 3463; baseline 0.001 -20"><span class='ocrx_word' id='word_1_260' title='bbox 144 3393 210 3444; x_wconf 89' lang='lat' dir='ltr'>tam</span> <span class='ocrx_word' id='word_1_261' title='bbox 236 3379 375 3445; x_wconf 87' lang='lat' dir='ltr'>obscuri</span> <span class='ocrx_word' id='word_1_262' title='bbox 403 3395 465 3461; x_wconf 63' lang='grc' dir='ltr'>,τοὺς</span> <span class='ocrx_word' id='word_1_263' title='bbox 491 3378 649 3462; x_wconf 85' lang='lat' dir='ltr'>prolerre</span> <span class='ocrx_word' id='word_1_264' title='bbox 669 3379 831 3460; x_wconf 89' lang='lat' dir='ltr'>conabor,</span> <span class='ocrx_word' id='word_1_265' title='bbox 849 3381 1069 3463; x_wconf 89' lang='lat' dir='ltr'>praemittere</span> <span class='ocrx_word' id='word_1_266' title='bbox 1087 3379 1191 3443; x_wconf 91' lang='lat' dir='ltr'>velim</span> <span class='ocrx_word' id='word_1_267' title='bbox 1218 3395 1267 3459; x_wconf 90' lang='lat' dir='ltr'>ea,</span> <span class='ocrx_word' id='word_1_268' title='bbox 1284 3397 1371 3462; x_wconf 93' lang='lat' dir='ltr'>quae</span> <span class='ocrx_word' id='word_1_269' title='bbox 1389 3382 1422 3444; x_wconf 95' lang='lat' dir='ltr'>in</span> <span class='ocrx_word' id='word_1_270' title='bbox 1456 3371 1460 3378; x_wconf 82' lang='grc'><strong>’</strong></span> 
     </span>
     <span class='ocr_line' id='line_1_31' title="bbox 142 3484 1424 3569; baseline 0.001 -19"><span class='ocrx_word' id='word_1_271' title='bbox 142 3485 203 3552; x_wconf 91' lang='lat' dir='ltr'>hac</span> <span class='ocrx_word' id='word_1_272' title='bbox 229 3501 295 3552; x_wconf 90' lang='lat' dir='ltr'>tam</span> <span class='ocrx_word' id='word_1_273' title='bbox 322 3484 457 3551; x_wconf 85' lang='lat' dir='ltr'>difficili</span> <span class='ocrx_word' id='word_1_274' title='bbox 483 3490 684 3569; x_wconf 89' lang='lat' dir='ltr'>quaestione</span> <span class='ocrx_word' id='word_1_275' title='bbox 709 3487 866 3551; x_wconf 90' lang='lat' dir='ltr'>dicturus</span> <span class='ocrx_word' id='word_1_276' title='bbox 891 3505 980 3567; x_wconf 91' lang='lat' dir='ltr'>sum,</span> <span class='ocrx_word' id='word_1_277' title='bbox 1006 3484 1089 3550; x_wconf 93' lang='lat' dir='ltr'>mihi</span> <span class='ocrx_word' id='word_1_278' title='bbox 1115 3488 1180 3569; x_wconf 89' lang='lat' dir='ltr'>ipsi</span> <span class='ocrx_word' id='word_1_279' title='bbox 1211 3504 1279 3551; x_wconf 95' lang='lat' dir='ltr'>non</span> <span class='ocrx_word' id='word_1_280' title='bbox 1313 3487 1424 3552; x_wconf 91' lang='lat' dir='ltr'>videri</span> 
     </span>
     <span class='ocr_line' id='line_1_32' title="bbox 141 3591 1422 3677; baseline 0.001 -20"><span class='ocrx_word' id='word_1_281' title='bbox 141 3595 224 3658; x_wconf 90' lang='lat' dir='ltr'>satis</span> <span class='ocrx_word' id='word_1_282' title='bbox 249 3607 340 3657; x_wconf 90' lang='lat' dir='ltr'>certa</span> <span class='ocrx_word' id='word_1_283' title='bbox 366 3608 398 3656; x_wconf 92' lang='lat' dir='ltr'>et</span> <span class='ocrx_word' id='word_1_284' title='bbox 423 3595 565 3656; x_wconf 94' lang='lat' dir='ltr'>omnino</span> <span class='ocrx_word' id='word_1_285' title='bbox 593 3592 711 3658; x_wconf 90' lang='lat' dir='ltr'>bacin</span> <span class='ocrx_word' id='word_1_286' title='bbox 737 3612 775 3658; x_wconf 90' lang='lat' dir='ltr'>re</span> <span class='ocrx_word' id='word_1_287' title='bbox 800 3592 961 3668; x_wconf 82' lang='lat' dir='ltr'>Vernallii</span> <span class='ocrx_word' id='word_1_288' title='bbox 979 3595 1169 3658; x_wconf 91' lang='lat' dir='ltr'>sententiae</span> <span class='ocrx_word' id='word_1_289' title='bbox 1194 3591 1365 3677; x_wconf 85' lang='lat' dir='ltr'>suffragor</span> <span class='ocrx_word' id='word_1_290' title='bbox 1389 3596 1422 3658; x_wconf 94' lang='lat' dir='ltr'>in</span> 
     </span>
     <span class='ocr_line' id='line_1_33' title="bbox 142 3697 1432 3785; baseline 0 -22"><span class='ocrx_word' id='word_1_291' title='bbox 142 3702 310 3783; x_wconf 85' lang='lat' dir='ltr'>originem</span> <span class='ocrx_word' id='word_1_292' title='bbox 327 3697 471 3763; x_wconf 89' lang='lat' dir='ltr'>alicuius</span> <span class='ocrx_word' id='word_1_293' title='bbox 487 3699 664 3782; x_wconf 92' lang='lat' dir='ltr'>proverbii</span> <span class='ocrx_word' id='word_1_294' title='bbox 682 3702 858 3785; x_wconf 88' lang='lat' dir='ltr'>inquirere</span> <span class='ocrx_word' id='word_1_295' title='bbox 872 3718 944 3765; x_wconf 89' lang='lat' dir='ltr'>rem</span> <span class='ocrx_word' id='word_1_296' title='bbox 960 3703 1123 3765; x_wconf 89' lang='lat' dir='ltr'>incertam</span> <span class='ocrx_word' id='word_1_297' title='bbox 1139 3718 1216 3764; x_wconf 90' lang='lat' dir='ltr'>esse</span> <span class='ocrx_word' id='word_1_298' title='bbox 1228 3701 1372 3764; x_wconf 91' lang='lat' dir='ltr'>dicentis</span> <span class='ocrx_word' id='word_1_299' title='bbox 1390 3714 1432 3764; x_wconf 83' lang='lat' dir='ltr'>er</span> 
     </span>
     <span class='ocr_line' id='line_1_34' title="bbox 142 3803 1426 3890; baseline 0.002 -22"><span class='ocrx_word' id='word_1_300' title='bbox 142 3804 375 3885; x_wconf 91' lang='lat' dir='ltr'>periculosum</span> <span class='ocrx_word' id='word_1_301' title='bbox 402 3823 440 3868; x_wconf 87' lang='lat' dir='ltr'>ae</span> <span class='ocrx_word' id='word_1_302' title='bbox 464 3807 561 3889; x_wconf 91' lang='lat' dir='ltr'>quasi</span> <span class='ocrx_word' id='word_1_303' title='bbox 586 3804 738 3888; x_wconf 87' lang='lat' dir='ltr'>,plenum</span> <span class='ocrx_word' id='word_1_304' title='bbox 764 3825 853 3890; x_wconf 93' lang='lat' dir='ltr'>opus</span> <span class='ocrx_word' id='word_1_305' title='bbox 870 3807 974 3871; x_wconf 85' lang='lat' dir='ltr'>aleae‘</span> <span class='ocrx_word' id='word_1_306' title='bbox 991 3803 1091 3889; x_wconf 86' lang='lat' dir='ltr'>(,The</span> <span class='ocrx_word' id='word_1_307' title='bbox 1115 3809 1225 3890; x_wconf 86' lang='lat' dir='ltr'>origin</span> <span class='ocrx_word' id='word_1_308' title='bbox 1250 3803 1289 3872; x_wconf 85' lang='lat' dir='ltr'>of</span> <span class='ocrx_word' id='word_1_309' title='bbox 1309 3824 1326 3869; x_wconf 92' lang='lat' dir='ltr'>a</span> <span class='ocrx_word' id='word_1_310' title='bbox 1345 3823 1426 3889; x_wconf 92' lang='lat' dir='ltr'>pro-</span> 
     </span>
     <span class='ocr_line' id='line_1_35' title="bbox 143 3911 1424 3998; baseline 0.002 -24"><span class='ocrx_word' id='word_1_311' title='bbox 143 3911 228 3975; x_wconf 90' lang='lat' dir='ltr'>verb</span> <span class='ocrx_word' id='word_1_312' title='bbox 263 3914 291 3976; x_wconf 95' lang='grc'>13</span> <span class='ocrx_word' id='word_1_313' title='bbox 325 3930 367 3976; x_wconf 90' lang='lat' dir='ltr'>an</span> <span class='ocrx_word' id='word_1_314' title='bbox 403 3915 579 3977; x_wconf 89' lang='lat' dir='ltr'>uncertain</span> <span class='ocrx_word' id='word_1_315' title='bbox 616 3912 864 3996; x_wconf 83' lang='lat' dir='ltr'>speculation‘).</span> <span class='ocrx_word' id='word_1_316' title='bbox 923 3911 1038 3998; x_wconf 83' lang='lat' dir='ltr'>Atque</span> <span class='ocrx_word' id='word_1_317' title='bbox 1076 3916 1107 3978; x_wconf 89' lang='lat' dir='ltr'>si</span> <span class='ocrx_word' id='word_1_318' title='bbox 1143 3912 1424 3996; x_wconf 75' lang='lat' dir='ltr'>explicationem,</span> 
     </span>
     <span class='ocr_line' id='line_1_36' title="bbox 143 4018 1423 4104; baseline 0.003 -24"><span class='ocrx_word' id='word_1_319' title='bbox 143 4034 287 4101; x_wconf 83' lang='lat' dir='ltr'>quarum</span> <span class='ocrx_word' id='word_1_320' title='bbox 313 4034 537 4102; x_wconf 90' lang='lat' dir='ltr'>conspectum</span> <span class='ocrx_word' id='word_1_321' title='bbox 564 4018 744 4085; x_wconf 87' lang='lat' dir='ltr'>Wecklein</span> <span class='ocrx_word' id='word_1_322' title='bbox 770 4019 921 4100; x_wconf 91' lang='lat' dir='ltr'>exbibet,</span> <span class='ocrx_word' id='word_1_323' title='bbox 952 4039 1018 4084; x_wconf 89' lang='lat' dir='ltr'>una</span> <span class='ocrx_word' id='word_1_324' title='bbox 1047 4020 1102 4085; x_wconf 91' lang='lat' dir='ltr'>vel</span> <span class='ocrx_word' id='word_1_325' title='bbox 1133 4020 1236 4085; x_wconf 90' lang='lat' dir='ltr'>altera</span> <span class='ocrx_word' id='word_1_326' title='bbox 1268 4019 1423 4104; x_wconf 85' lang='lat' dir='ltr'>eligenda</span> 
     </span>
     <span class='ocr_line' id='line_1_37' title="bbox 143 4121 1424 4210; baseline 0.003 -24"><span class='ocrx_word' id='word_1_327' title='bbox 143 4121 226 4187; x_wconf 93' lang='lat' dir='ltr'>mihi</span> <span class='ocrx_word' id='word_1_328' title='bbox 251 4139 353 4206; x_wconf 91' lang='lat' dir='ltr'>esset,</span> <span class='ocrx_word' id='word_1_329' title='bbox 371 4128 588 4206; x_wconf 89' lang='lat' dir='ltr'>sententiam,</span> <span class='ocrx_word' id='word_1_330' title='bbox 606 4129 633 4191; x_wconf 92' lang='lat' dir='ltr'>si</span> <span class='ocrx_word' id='word_1_331' title='bbox 652 4144 729 4191; x_wconf 89' lang='lat' dir='ltr'>cum</span> <span class='ocrx_word' id='word_1_332' title='bbox 756 4126 830 4190; x_wconf 94' lang='lat' dir='ltr'>aliis</span> <span class='ocrx_word' id='word_1_333' title='bbox 855 4143 1030 4210; x_wconf 89' lang='lat' dir='ltr'>comparo,</span> <span class='ocrx_word' id='word_1_334' title='bbox 1048 4129 1219 4210; x_wconf 92' lang='lat' dir='ltr'>imprimis</span> <span class='ocrx_word' id='word_1_335' title='bbox 1238 4122 1424 4190; x_wconf 90' lang='lat' dir='ltr'>Schneide-</span> 
     </span>
     <span class='ocr_line' id='line_1_38' title="bbox 142 4231 1423 4317; baseline 0.004 -25"><span class='ocrx_word' id='word_1_336' title='bbox 142 4231 224 4292; x_wconf 90' lang='lat' dir='ltr'>wini</span> <span class='ocrx_word' id='word_1_337' title='bbox 250 4247 427 4313; x_wconf 90' lang='lat' dir='ltr'>sequerer,</span> <span class='ocrx_word' id='word_1_338' title='bbox 452 4235 511 4316; x_wconf 89' lang='lat' dir='ltr'>qui</span> <span class='ocrx_word' id='word_1_339' title='bbox 537 4233 601 4298; x_wconf 92' lang='lat' dir='ltr'>boe</span> <span class='ocrx_word' id='word_1_340' title='bbox 626 4232 864 4316; x_wconf 89' lang='lat' dir='ltr'>proverbium,</span> <span class='ocrx_word' id='word_1_341' title='bbox 883 4233 975 4317; x_wconf 91' lang='lat' dir='ltr'>quod</span> <span class='ocrx_word' id='word_1_342' title='bbox 1001 4232 1213 4298; x_wconf 93' lang='lat' dir='ltr'>hauddubie</span> <span class='ocrx_word' id='word_1_343' title='bbox 1235 4231 1347 4297; x_wconf 92' lang='lat' dir='ltr'>simile</span> <span class='ocrx_word' id='word_1_344' title='bbox 1371 4247 1423 4297; x_wconf 91' lang='lat' dir='ltr'>est</span> 
     </span>
     <span class='ocr_line' id='line_1_39' title="bbox 141 4333 1421 4426; baseline 0.003 -27"><span class='ocrx_word' id='word_1_345' title='bbox 141 4335 188 4400; x_wconf 93' lang='grc'><strong>1111</strong></span> <span class='ocrx_word' id='word_1_346' title='bbox 222 4333 414 4419; x_wconf 64' lang='grc'><strong>80111100180</strong></span> <span class='ocrx_word' id='word_1_347' title='bbox 438 4357 539 4426; x_wconf 79' lang='grc' dir='ltr'>χρυσέα</span> <span class='ocrx_word' id='word_1_348' title='bbox 556 4355 624 4426; x_wconf 77' lang='grc' dir='ltr'>νλὴς</span> <span class='ocrx_word' id='word_1_349' title='bbox 643 4354 680 4405; x_wconf 71' lang='grc' dir='ltr'>ἐπὶ</span> <span class='ocrx_word' id='word_1_350' title='bbox 700 4354 809 4423; x_wconf 68' lang='grc' dir='ltr'>γλώσσᾳ</span> <span class='ocrx_word' id='word_1_351' title='bbox 830 4355 922 4423; x_wconf 76' lang='grc' dir='ltr'>βέβακε</span> <span class='ocrx_word' id='word_1_352' title='bbox 952 4355 1103 4426; x_wconf 78' lang='grc' dir='ltr'>προσπόλων</span> <span class='ocrx_word' id='word_1_353' title='bbox 1133 4352 1295 4424; x_wconf 71' lang='grc' dir='ltr'>Εὐμολπιδᾶν</span> <span class='ocrx_word' id='word_1_354' title='bbox 1331 4335 1421 4404; x_wconf 73' lang='grc'><strong>0611.</strong></span> 
     </span>
     <span class='ocr_line' id='line_1_40' title="bbox 141 4439 1422 4534; baseline 0 -24"><span class='ocrx_word' id='word_1_355' title='bbox 141 4439 222 4510; x_wconf 92' lang='lat' dir='ltr'>Col.</span> <span class='ocrx_word' id='word_1_356' title='bbox 248 4445 331 4507; x_wconf 84' lang='lat'>1052</span> <span class='ocrx_word' id='word_1_357' title='bbox 356 4459 389 4510; x_wconf 93' lang='lat' dir='ltr'>et</span> <span class='ocrx_word' id='word_1_358' title='bbox 413 4446 461 4510; x_wconf 95' lang='grc'><strong>1111</strong></span> <span class='ocrx_word' id='word_1_359' title='bbox 479 4443 676 4528; x_wconf 90' lang='lat' dir='ltr'>Aeschyleo</span> <span class='ocrx_word' id='word_1_360' title='bbox 702 4460 761 4512; x_wconf 62' lang='lat' dir='ltr'>aar:</span> <span class='ocrx_word' id='word_1_361' title='bbox 775 4460 828 4512; x_wconf 63' lang='lat' dir='ltr'>aaa.</span> <span class='ocrx_word' id='word_1_362' title='bbox 841 4461 920 4532; x_wconf 66' lang='grc' dir='ltr'>νομοὶ</span> <span class='ocrx_word' id='word_1_363' title='bbox 939 4463 1007 4534; x_wconf 53' lang='lat' dir='ltr'>atq,</span> <span class='ocrx_word' id='word_1_364' title='bbox 1026 4443 1064 4512; x_wconf 65' lang='lat' dir='ltr'>aa</span> <span class='ocrx_word' id='word_1_365' title='bbox 1078 4460 1185 4531; x_wconf 51' lang='lat' dir='ltr'>pineo-s,</span> <span class='ocrx_word' id='word_1_366' title='bbox 1200 4459 1284 4530; x_wconf 65' lang='grc' dir='ltr'>φύλαξ</span> <span class='ocrx_word' id='word_1_367' title='bbox 1303 4442 1422 4529; x_wconf 84' lang='lat' dir='ltr'>fragm.</span> 
     </span>
     <span class='ocr_line' id='line_1_41' title="bbox 141 4549 1425 4636; baseline 0.002 -24"><span class='ocrx_word' id='word_1_368' title='bbox 141 4552 207 4614; x_wconf 82' lang='grc'>316</span> <span class='ocrx_word' id='word_1_369' title='bbox 234 4550 288 4614; x_wconf 91' lang='lat' dir='ltr'>ed.</span> <span class='ocrx_word' id='word_1_370' title='bbox 314 4549 495 4617; x_wconf 89' lang='lat' dir='ltr'>Wecklein</span> <span class='ocrx_word' id='word_1_371' title='bbox 529 4556 623 4632; x_wconf 87' lang='grc'><strong>1893,</strong></span> <span class='ocrx_word' id='word_1_372' title='bbox 652 4553 694 4618; x_wconf 90' lang='lat' dir='ltr'>ad</span> <span class='ocrx_word' id='word_1_373' title='bbox 720 4555 886 4636; x_wconf 88' lang='lat' dir='ltr'>mysteria</span> <span class='ocrx_word' id='word_1_374' title='bbox 912 4550 1018 4618; x_wconf 87' lang='lat' dir='ltr'>refert</span> <span class='ocrx_word' id='word_1_375' title='bbox 1046 4550 1183 4635; x_wconf 91' lang='lat' dir='ltr'>(Philol.</span> <span class='ocrx_word' id='word_1_376' title='bbox 1216 4549 1261 4616; x_wconf 90' lang='lat' dir='ltr'>IX</span> <span class='ocrx_word' id='word_1_377' title='bbox 1293 4569 1325 4635; x_wconf 91' lang='lat' dir='ltr'>p.</span> <span class='ocrx_word' id='word_1_378' title='bbox 1362 4555 1425 4616; x_wconf 83' lang='lat'>149</span> 
     </span>
    </p>
   </div>
   <div class='ocr_carea' id='block_1_3' title="bbox 0 0 1612 5040">
    <p class='ocr_par' dir='ltr' id='par_1_4' title="bbox 0 0 1612 5040">
     <span class='ocr_line' id='line_1_42' title="bbox 0 0 1612 5040; baseline 0 0"><span class='ocrx_word' id='word_1_379' title='bbox 0 0 1612 5040; x_wconf 95' lang='lat' dir='ltr'> </span> 
     </span>
    </p>
   </div>
  </div>
 </body>
</html>
