3216 5040
743 281 901 337 ..34-

181 427 281 490 etiarn
308 424 490 490 excubitor
515 427 714 509 vituperare
739 425 806 492 illis
830 424 968 494 duobus
993 426 1154 512 epithetis
1171 425 1475 512 Clytaemestram
1584 399 1585 414 ό

180 530 266 612 ν1111,
292 549 361 596 non
387 530 537 597 laudare.
589 530 740 597 Laudem
764 530 1046 626 *Clytaemestrae
1070 548 1183 600 autem
1209 536 1345 601 custodi
1374 540 1477 603 attri-

183 637 257 703 buit
281 637 523 719 Wilamowitz,
549 656 627 703 curn
654 635 739 704 falso
764 641 1011 725 interpretetur
1035 643 1187 726 reginam
1212 655 1245 706 et
1269 641 1410 708 audacia
1434 658 1473 710 et

182 758 297 810 mente
328 747 396 822 viri
425 746 579 809 animum
612 762 760 829 aequare
794 744 861 830 (,an
893 746 1071 813 Kiihnheit
1101 749 1171 814 und
1203 746 1379 814 Verstand
1412 752 1470 817 ein

183 852 302 918 Mann‘
327 855 470 936 interpr.
498 847 621 917 Germ.
649 849 758 937 1900).
796 852 1026 921 Wilamowitz
1043 858 1076 920 in
1096 854 1182 920 hanc
1200 854 1468 938 explicationem

180 977 222 1024 eo
247 959 410 1025 incidisse
436 957 520 1023 mihi
547 960 696 1040 videtur,
721 961 814 1044 quod
839 964 982 1027 omnino
1000 958 1278 1046 Clytaemestrae
1296 980 1466 1046 personae

182 1083 256 1131 mea
288 1066 427 1150 quidem
463 1067 627 1149 opinione
660 1068 762 1132 nimis
797 1065 889 1133 favet
917 1066 1011 1153 (vide
1042 1069 1117 1149 ejus
1147 1068 1386 1153 prolegomena
1417 1071 1459 1135 ad

181 1168 329 1256 Agam.),
369 1173 473 1237 nimis
511 1172 678 1238 obtrectat
718 1170 989 1258 Agamemnonis
1028 1167 1200 1240 laudibus
1243 1173 1318 1240 Nec
1358 1177 1455 1260 magis

181 1279 375 1345 audiendus
397 1293 449 1344 est
467 1276 722 1360 Schneidewin,
747 1297 825 1344 curn
843 1280 949 1347 dicat:
966 1277 1054 1362 ,Gut
1071 1279 1292 1365 Phrynichos
1311 1279 1457 1348 Bekker.

183 1383 314 1451 Anecd.
343 1391 392 1467 19,
416 1391 459 1451 23
484 1400 657 1474 ἀνδρόβουλος
682 1402 761 1474 γυνόμ
781 1401 800 1473 ἡ
822 1400 910 1474 ἀνδρὸς
934 1403 1100 1474 βουλεύματα
1119 1385 1309 1476 βουλευομένη·
1331 1403 1423 1475 ἀνδρὸς
1441 1403 1464 1455 δὲ

180 1515 224 1559 τοῦ
243 1509 299 1559 κατ’
319 1504 420 1561 ἔπαινον
438 1508 588 1580 λεγομένου,
608 1490 681 1558 2180
700 1515 825 1580 γενναῖον,
840 1509 953 1581 ἀνδρεῖον
971 1513 1051 1582 πέαρ’.
1100 1494 1210 1560 Immo
1246 1494 1371 1560 mellus
1404 1494 1469 1561 fuit

180 1598 295 1665 dicere
330 1612 842 1687 οοοοοοοψο-οον1ονομενοο,ο11111
879 1603 1060 1669 excubitor
1095 1602 1265 1688 loquatur,
1300 1604 1359 1685 qui
1397 1604 1467 1684 jam

181 1705 300 1772 verbis
325 1717 374 1774 ὧδε
392 1725 440 1793 γὰρ
459 1728 547 1793 apaten
570 1708 692 1775 duram
722 1722 755 1773 et
784 1708 958 1774 crudelem
986 1706 1275 1793 Clytaemestrae,
1309 1709 1470 1776 mulieris

180 1812 416 1880 mutabilitatis
441 1812 573 1898 plenae,
599 1817 797 1898 vituperare
822 1815 897 1881 vult
921 1817 1190 1882 dominationem
1221 1815 1277 1901 (cl.
1304 1814 1396 1884 Cho.
1424 1823 1470 1883 53
1584 1835 1585 1844 ¹

181 1927 259 1993 σέβας
278 1926 298 1978 δ’
320 1926 431 1999 ἄμαχον,
453 1926 594 1998 ἀδάματον,
615 1927 744 1998 ἀπόλεμον
764 1931 791 1980 τό
812 1929 867 2001 πρὶν
886 1927 909 1980 δί
926 1927 998 1981 ὤτων
1018 1930 1108 2001 φρενός
1121 1950 1147 1982 τε
1167 1929 1261 2000 δαμίας
1280 1937 1400 2000 περαῖνον
1425 1939 1472 1984 νῦν

182 2025 333 2114 aptatam)
369 2029 558 2094 venerandi
589 2030 679 2112 regis
709 2026 981 2112 Agamemnonis
1011 2030 1237 2096 dominationi
1268 2028 1387 2096 firmae
1417 2031 1469 2097 illi

181 2134 320 2218 quidem
347 2148 380 2199 et
405 2137 587 2216 constanti,
611 2149 759 2200 attamen
785 2138 858 2201 miti
883 2150 916 2201 et
938 2138 1049 2218 justae
1073 2140 1266 2221 oppositam
1285 2135 1341 2222 (cf.
1360 2152 1410 2224 οοχ
1430 2154 1471 2216 ος

180 2255 423 2328 οδοροουόμοοο
442 2256 641 2325 διαπονουμένου
670 2261 704 2306 ν.
742 2247 782 2307 19
814 2256 847 2309 et
871 2243 1014 2328 pulchra
1048 2241 1319 2328 Agamemnonis
1352 2247 1467 2330 ipsius

181 2348 288 2414 verba
312 2364 352 2416 τὸν
371 2371 514 2434 κρατοῦντα
536 2363 683 2434 μαλθακῶς
702 2365 766 2426 θεὸς
784 2365 922 2435 πρόσωθεν
942 2364 1053 2436 εὐμενῶς
1073 2365 1256 2437 προσδέρκεται
1278 2350 1341 2436 Ag.
1372 2350 1465 2438 942).

181 2453 305 2538 Neque
317 2456 406 2521 idem
418 2469 535 2522 custos
545 2455 695 2539 gloriose
707 2456 906 2539 praedicare
916 2457 961 2538 ,id
975 2458 1067 2539 quod
1079 2454 1320 2523 Schneidewin
1329 2461 1465 2542 opinari

180 2561 264 2627 mihi
279 2563 418 2628 videtur
432 2562 660 2645 explicatione
675 2583 788 2645 γοννοῑον
808 2578 871 2648 νεορ
887 2561 1043 2646 probata,
1053 2562 1122 2629 ullo
1137 2566 1240 2631 modo
1249 2579 1363 2649 potest
1377 2564 1466 2652 Cly-

181 2682 412 2750 taemestram,
437 2670 536 2750 cujus
561 2669 769 2735 adulterium
793 2671 860 2752 jam
885 2688 993 2735 versu
1016 2675 1060 2735 29
1092 2669 1276 2736 obscurius
1311 2673 1463 2739 indicare

180 2772 379 2860 Aeschyleo
404 2775 463 2841 illo
495 2793 592 2841 more
629 2776 713 2843 mihi
741 2777 880 2843 videtur
908 2790 942 2842 et
973 2777 1103 2842 ultimis
1136 2778 1269 2863 prologi
1301 2779 1461 2844 versibus

181 3005 300 3076 βέβηκεν·
320 3001 390 3066 οἶνος
410 3004 431 3054 δ’
453 3003 536 3071 αὐτός,
557 3003 580 3056 εἱ
600 3007 726 3078 φθογγὴν
744 3004 830 3073 λάβοι,
851 3001 988 3076 σαφέστατ’
1009 3005 1038 3056 ἀν
1057 2988 1172 3076 λέξειεν.)
1221 2990 1339 3076 ltaque
1385 3009 1454 3060 cum

180 3096 430 3176 excubitorem,
450 3099 509 3179 qui
532 3096 653 3160 duram
673 3093 951 3180 Clytaemestrae
969 3097 1237 3163 dominationem
1257 3101 1331 3183 ipse
1348 3117 1461 3185 aeger·

181 3205 268 3268 rime
287 3201 382 3285 ferat,
402 3204 641 3268 tantummodo
655 3206 853 3287 vituperare
871 3205 946 3286 ejus
964 3223 1079 3270 mores
1097 3204 1266 3269 vocabulo
1292 3220 1464 3294 δνδροβοολον

181 3307 431 3395 (,Mannweib‘)
446 3309 601 3375 voluisse
626 3309 804 3394 probabile
823 3314 876 3392 sit,
894 3330 937 3377 ne
954 3310 1171 3377 Weckleinio
1189 3310 1303 3396 (1888)
1321 3315 1462 3397 quidem

181 3419 341 3482 assentiri
367 3435 509 3500 possum
546 3431 676 3482 textum
711 3419 744 3482 in
778 3433 949 3504 ἀνδρόβουλον
969 3433 1079 3485 ὀνοοῑδον
1110 3422 1254 3486 mutanti
1290 3434 1323 3486 et
1359 3423 1464 3485 inter-

181 3527 328 3609 pretanti
355 3521 648 3608 Clytaemestram
674 3527 708 3590 in
734 3527 787 3606 iis,
812 3543 900 3609 quae
925 3540 1080 3609 speraret
1110 3527 1151 3592 ad
1177 3527 1289 3592 virilia
1320 3526 1463 3592 consilia

181 3649 218 3696 se
254 3631 422 3697 extollere
458 3645 490 3696 et
515 3631 693 3697 custodem
720 3650 798 3696 cum
825 3634 934 3697 ironia
958 3633 1104 3716 quadam
1132 3652 1273 3699 monere
1307 3633 1462 3698 voluisse

181 3752 392 3822 spectatores
418 3739 568 3803 nominis
606 3752 832 3826 ,Κλοοοομήοορα
856 3741 876 3804 i.
901 3758 930 3805 e.
954 3756 974 3828 ἡ
994 3757 1074 3808 tastu
1094 3755 1241 3829 μηδομένη,
1266 3740 1359 3824 quod
1392 3758 1461 3804 non

181 3847 264 3910 satis
290 3844 480 3911 verisimile
505 3844 588 3910 mihi
614 3845 763 3926 videtur,
788 3847 867 3929 quia
892 3846 956 3912 hoc
980 3865 1102 3930 parum
1128 3849 1290 3912 convenit
1314 3845 1462 3930 simplici

180 3952 224 4017 de
249 3952 349 4035 plebe
374 3951 516 4016 homini.
564 3949 669 4035 (Vide
694 3951 900 4017 Weckleinii
931 3952 1038 4018 verba
1069 3954 1110 4018 ad
1142 3973 1175 4018 v,
1210 3958 1266 4018 ll:
1298 3957 1329 4018 in
1362 3952 1460 4018 ihren

182 4056 408 4143 Hoffnungen
424 4058 546 4124 erhebt
563 4061 612 4124 sic
630 4058 702 4124 sich
720 4078 762 4123 zu
780 4058 997 4124 mannlichen
1017 4059 1158 4125 Planen.
1190 4059 1254 4126 Mit
1268 4059 1461 4126 ironischer

139 4197 143 4203 ·
182 4163 368 4232 Bitterkeit
393 4166 493 4249 spicit
518 4165 580 4230 der
597 4165 760 4232 Wichter
785 4164 847 4231 auf
859 4167 925 4231 den
945 4165 1079 4232 Namen
1098 4183 1304 4254 Κνονοομήοορο
1330 4166 1460 4252 (Etym.

181 4272 230 4338 M.
255 4280 330 4355 521,
358 4271 411 4357 18)
437 4291 489 4354 an,
508 4271 816 4338 beschriinktabcr
840 4275 901 4338 das
925 4289 1152 4362 αονυμήδεοδοο
1176 4272 1310 4340 auidas
1332 4271 1462 4341 Gebiet

182 4381 244 4446 del*
270 4379 506 4464 Hoffnungen.
555 4377 631 4463 Vgl
661 4382 743 4443 1085
768 4380 838 4444 und
859 4379 951 4446 Hom
977 4417 991 4467 y
1012 4386 1078 4446 266
1101 4396 1143 4448 δῖα
1156 4396 1461 4470 Κλυταιμήστρη·1ρρεσὶ

180 4507 231 4574 γὰρ
268 4503 376 4576 νεχρήτ’
409 4485 565 4574 ἀγαθῇσιν.)
604 4483 671 4552 sed
703 4504 780 4551 cum
812 4502 929 4553 CUStOS
961 4488 1131 4572 loquatur,
1164 4488 1248 4553 illud
1288 4503 1461 4574 ἀνδρόβουλον

183 4594 261 4660 huic
287 4609 353 4660 tam
379 4610 506 4660 vexato
530 4594 660 4660 homini
687 4613 755 4660 non
781 4598 929 4679 pertinet
953 4595 994 4660 ad
1020 4613 1069 4674 ea,
1094 4613 1181 4678 quae
1204 4592 1460 4678 Clytaemestra
