3216 5040
599 977 939 1144 Appendix.

220 1247 243 1305 1)
263 1244 326 1298 Hac
345 1240 380 1298 de
401 1257 496 1310 causa,
524 1243 601 1310 quod
620 1257 672 1310 pro
692 1243 778 1296 nudis
797 1242 929 1296 numeris
948 1241 1121 1310 plerumque
1140 1241 1203 1309 ipsa
1222 1241 1326 1308 poetae
1347 1239 1412 1294 aiio·
1491 1303 1494 1310 .
1549 1236 1575 1301 ·“,

128 1349 253 1402 rumque
273 1335 362 1387 verba
381 1332 479 1397 affero,
499 1332 669 1398 ignoscatur
687 1332 760 1386 mihi
780 1331 879 1386 velim.

200 1433 226 1494 2)
245 1433 359 1486 Abhinc
377 1430 535 1485 nonnullos
548 1419 642 1484 annos
655 1431 821 1498 Aeschylus
840 1431 871 1484 in
889 1429 1088 1496 compluribus
1106 1429 1226 1482 urbibus
1244 1443 1304 1482 uon
1325 1430 1412 1484 modo
1506 1409 1509 1434 ⁵
1540 1389 1545 1394 ἡ

129 1521 311 1587 Germaniae,
339 1520 390 1576 sed
418 1519 509 1573 etiam
530 1518 654 1586 Angliae
674 1533 704 1572 m
729 1533 847 1572 scenam
878 1519 1036 1586 productus
1060 1523 1114 1572 est.
1158 1516 1222 1570 Hoc
1246 1515 1361 1586 quoque
1387 1517 1412 1572 si

127 1609 301 1679 respexeris,
327 1610 613 1676 concedesrpoetam
639 1609 736 1676 ipsum
765 1610 844 1662 recte
869 1608 1005 1675 sensisse,
1029 1621 1097 1660 cum
1125 1620 1214 1674 opera
1242 1621 1296 1660 sua
1321 1607 1413 1674 ipsius
1530 1621 1580 1664 “je

127 1701 227 1757 aetate
247 1698 365 1766 saepius
383 1699 536 1765 repudiata
555 1697 765 1764 posterioribus
784 1698 966 1764 temporibus
989 1696 1069 1763 justo
1095 1695 1190 1763 pretio
1219 1695 1411 1749 aestimatum

126 1789 161 1843 iri
181 1789 298 1843 diceret.
337 1787 376 1842 Cf.
397 1787 504 1840 Athen.
524 1776 614 1854 3470,
642 1771 773 1857 ἡττηθεὶς
793 1783 886 1846 ἀδίκως
911 1784 980 1851 ποτέ,
1010 1783 1045 1844 ὡς
1064 1784 1232 1854 Θεόφραστος
1260 1783 1412 1854 ἢΧαμαι-
1435 1853 1440 1858 .
1548 1783 1586 1849 ,¹

126 1877 194 1928 λέων
213 1876 239 1926 ἓν
257 1883 293 1946 τῷ
314 1875 370 1945 περὶ
389 1873 491 1946 ἡδονῆς
511 1872 623 1947 εἴρηκεν,
652 1873 705 1946 ἔφη
734 1873 816 1944 χρόνῳ
845 1874 891 1934 cog
918 1871 1062 1944 τραγῳδίας
1092 1872 1243 1924 ἀνατιθέναι
1264 1870 1345 1936 εἰδώς,
1374 1872 1412 1924 ὅτι

126 1971 256 2035 κομιεῖται
274 1966 322 2037 τὴν
341 1964 526 2036 προσήκουσαν
545 1961 626 2034 τιμήν.
674 1963 747 2018 Vide
773 1956 1026 2032 [11001010010013
1045 1962 1184 2030 Aeschyli
1213 1963 1304 2030 ipsius
1323 1963 1413 2016 verba

129 2055 206 2123 apud
224 2055 373 2122 Aristoph.
411 2054 484 2108 Ran,
504 2054 557 2108 868
576 2051 653 2123 ὃτιὴ
674 2051 781 2124 ποίησις
801 2049 859 2121 οὐχὶ
880 2051 1036 2124 συντέθνηκέ
1056 2069 1107 2121 μοι.

217 2141 247 2210 3)
279 2143 466 2197 Griechische
498 2143 670 2210 Tragodien,
709 2143 858 2196 ubersetzt
888 2156 945 2196 von
983 2141 1083 2200 Uirich
1114 2157 1173 2196 von
1204 2141 1411 2196 Wiiamowitz-

128 2231 334 2286 Moellendorff.
372 2233 602 2293 ZweiterBand‚
622 2231 747 2286 Orestis:
768 2234 790 2284 I.
811 2231 975 2298 Aischylos
987 2233 1204 2298 Agamemnon.
1236 2231 1272 2286 H.
1293 2232 1411 2299 Aischy·
1485 2253 1487 2256 ·
1540 2206 1595 2296 ῗῗ

127 2322 180 2387 los,
210 2323 262 2375 das
290 2321 377 2388 Opfer
405 2337 453 2375 arn
483 2320 578 2376 (trabe
607 2320 824 2388 (Ghoephoren).
872 2320 923 2374 Hi.
951 2320 1116 2388 Aischyios
1147 2321 1193 2374 die
1215 2319 1412 2388 Versdhnung
1466 2333 1467 2338 ¹

128 2401 343 2474 (Eumeniden).
381 2397 487 2480 Berlin,
507 2410 685 2464 Weidrnann
705 2407 782 2465 1900.
820 2410 881 2478 Ego
902 2425 971 2464 vero
993 2409 1087 2464 fateor
1107 2423 1154 2464 me
1175 2409 1411 2476 primum'Wila·
1497 2397 1592 2472 411

127 2501 270 2556 mowitzii
305 2499 436 2554 Orestiae
462 2501 722 2568 interpretationes
747 2496 939 2556 'Gernrantcas
975 2499 1125 2566 legentem
1156 2513 1215 2552 uon
1243 2499 1324 2565 potui
1352 2513 1412 2552 non

128 2591 308 2657 meminisse,
332 2589 409 2656 quod
432 2590 540 2642 attinet
564 2590 599 2643 ad
618 2588 736 2654 linguae
764 2591 953 2642 venustatem
979 2590 1009 2642 et
1038 2588 1107 2650 vim,
1136 2587 1268 2642 Schiileri
1296 2586 1411 2642 fabulae
1476 2617 1478 2622 ,
1524 2655 1572 2680 a

129 2693 203 2748 quae
223 2678 390 2732 inscribitur
410 2671 533 2744 ,Sponsa
550 2677 751 2731 Messaniana.¹

216 2770 242 2830 4)
262 2767 301 2821 of.
321 2766 527 2830 Wilamowitz,
556 2765 669 2821 Orestis
696 2767 766 2820 1900
792 2781 818 2833 p.
838 2765 869 2820 5:
903 2765 1008 2834 „Nicht
1036 2766 1092 2820 den
1119 2763 1304 2819 Nachbetern
1331 2766 1412 2820 einer
1476 2731 1480 2740 Ι

129 2857 368 2924 abgestandencn
396 2854 586 2920 Kunstlehre,
617 2855 695 2909 noch
726 2857 782 2908 den
814 2855 1051 2921 bilduugssatten
1077 2853 1251 2917 Docadents,
1282 2855 1431 2908 sondern.

129 2947 233 3012 denen,
267 2945 313 2998 die
338 2945 542 2998 unverdorben
575 2945 635 2998 und
666 2943 886 2998 meinethaiben
918 2943 1089 3010 ungebildet
1114 2943 1190 2997 nach
1216 2944 1283 2996 dem
1310 2944 1412 2997 reinen
1497 2937 1498 2940 ’

128 3034 354 3089 Lebenswasser
374 3034 455 3087 einer
474 3047 604 3100 grossen,
630 3033 736 3087 echion
755 3033 856 3086 Kuust
875 3034 1005 3099 durstem
1024 3032 1085 3086 will
1104 3033 1152 3086 ich
1171 3032 1285 3098 dienen,
1312 3033 1411 3086 iudom
1504 3089 1506 3092 ,

128 3124 175 3178 ich
194 3123 285 3177 ihuen
303 3123 399 3190 einige
419 3122 518 3176 soiche
538 3121 646 3176 Werke
665 3122 825 3190 vermittie‚
845 3136 877 3176 so
897 3125 951 3189 gut
970 3121 1017 3176 ich
1036 3119 1143 3176 kann.“

218 3211 243 3274 5)
264 3211 340 3266 Huic
360 3212 489 3280 opinioni
508 3225 593 3265 meae
612 3211 779 3278 philologus
798 3211 916 3278 quidam
945 3211 1142 3278 doctissimus,
1167 3224 1235 3266 cum
1262 3212 1331 3264 ante
1357 3211 1412 3264 hos

128 3315 238 3370 paucos
252 3315 346 3355 annos
360 3301 540 3368 colloquerer
560 3316 627 3355 cum
650 3315 694 3368 eo,
710 3301 884 3354 adversatus
903 3303 949 3355 est
968 3315 1035 3354 curn
1055 3301 1164 3354 diceret
1183 3299 1275 3353 immo
1295 3298 1409 3354 facilem
1470 3365 1471 3368 Ἴ
1545 3277 1557 3288 Ἡ
1573 3283 1595 3360 ξ’

129 3390 282 3446 intellectu
302 3390 482 3458 Aeschylum
509 3405 573 3444 esse
599 3390 732 3458 exceptis
751 3390 822 3444 locis
842 3392 942 3456 aperte
962 3389 1107 3456 corruptis
1114 3406 1122 3458 3
1149 3390 1222 3443 duos
1241 3389 1362 3442 omuino
1381 3389 1411 3442 in
1474 3389 1480 3452 ῥ
1560 3393 1595 3458 3¹,

129 3483 193 3536 toto
220 3480 367 3548 Aeschylo
399 3480 496 3534 inesse
528 3479 607 3533 locos
638 3479 771 3533 difficiles
802 3493 909 3546 eosque
935 3479 965 3532 in
992 3478 1091 3546 Suppl.
1119 3479 1149 3532 et
1175 3477 1251 3532 Pers.
1297 3477 1355 3531 Sed
1374 3491 1412 3530 ne
1495 3547 1497 3560 A
1564 3465 1594 3542 ’.ᾖ

128 3572 288 3625 retractato
320 3569 436 3636 quidem
468 3570 583 3629 interea
608 3570 696 3636 poeta
722 3568 825 3634 habeo,
856 3569 932 3635 quod
960 3567 1140 3622 sententiam
1171 3581 1269 3621 meam
1296 3569 1411 3620 mutem

129 3673 224 3728 neque
257 3659 348 3726 pudet
379 3673 427 3712 me
455 3657 534 3712 iliius
560 3658 706 3725 opinionis
731 3657 905 3726 praesertim
932 3671 1000 3712 cum
1027 3659 1086 3711 iam
1112 3657 1333 3724 Aristophanes,
1363 3656 1412 3723 qui

129 3747 202 3802 Rau.
223 3745 292 3800 1434
316 3747 351 3800 de
371 3747 518 3815 Aeschylo
538 3747 667 3814 Euripidi
687 3747 821 3816 opposito
841 3747 925 3802 dicit:
954 3745 967 3798 ὁ
993 3745 1037 3816 μὲν
1057 3748 1108 3811 (sc.
1128 3745 1304 3821 Aeschylus)
1325 3751 1412 3810 σοφῶς

129 3838 179 3905 γὰρ
200 3831 277 3899 εἶπεν,
304 3835 318 3885 ὀ
344 3833 366 3886 δ’
386 3835 472 3906 ἕτερος
496 3837 545 3896 (sc.
564 3835 722 3900 Euripides}
742 3842 841 3906 σαφῶς,
868 3836 914 3890 his
939 3837 1010 3904 ipsis
1035 3835 1131 3889 verbis
1158 3835 1318 3889 concedere
1338 3833 1411 3888 mihi

129 3925 263 3979 videatur
281 3925 463 3993 Aeschylum
485 3926 562 3980 hand
577 3939 670 3992 pauca
689 3927 811 3979 obscure
829 3923 960 3995 (ἀσαφῶς)
984 3925 1101 3980 dixisse.
1122 3925 1158 3991 ,id
1169 3924 1246 3990 quod
1265 3923 1411 3990 imprimis

130 4015 165 4068 de
184 4014 265 4067 chori
285 4013 463 4068 carminibus
476 4014 532 4068 dici
545 4016 653 4082 potest,
672 4014 720 4067 ubi
738 4028 826 4081 saepe
846 4015 933 4081 poeta
952 4027 1079 4080 eaquae
1099 4013 1192 4066 sentit
1211 4012 1306 4078 magis
1326 4011 1411 4079 signi·

129 4102 199 4156 ficet
212 4104 330 4156 tantum
344 4103 505 4170 symbolice
518 4117 608 4170 quarn
619 4103 704 4157 claris
718 4103 813 4156 verbis
832 4102 984 4170 exprimit;
1004 4104 1093 4168 atque
1107 4101 1184 4168 quod
1197 4101 1412 4168 Aristophanes

129 4191 159 4244 in
179 4191 282 4245 eadem
301 4190 399 4245 fabula
418 4190 605 4260 v.1124sqq.
624 4191 793 4259 Euripidem
813 4190 952 4258 Aeschyli
971 4189 1077 4258 (ioeph.
1092 4205 1119 4245 v.
1136 4190 1149 4241 1
1170 4203 1232 4256 sqq.
1246 4190 1411 4256 agitantem

129 4280 249 4342 inducit,
280 4280 348 4334 inde
380 4294 520 4349 apparere
548 4282 674 4336 arbitror
704 4295 808 4334 revera
839 4279 1004 4346 complures
1031 4278 1111 4333 locos
1140 4278 1321 4346 Aeschyleos
1351 4278 1409 4332 iam

129 4369 321 4437 Aristophani
346 4371 377 4424 et
396 4369 547 4424 veteribus
571 4371 725 4438 ambiguos
744 4370 823 4424 visos
849 4381 914 4423 esse
939 4369 1110 4436 variamque
1134 4367 1411 4435 interpretationem

129 4458 294 4515 admittere.
332 4459 474 4514 Similiter
493 4460 584 4514 etiam
603 4459 695 4524 Blass,
714 4460 894 4514 novissimus
911 4459 1149 4526 Choephororum
1170 4457 1265 4512 editor
1284 4455 1411 4520 011006)

130 4548 166 4602 ad
193 4563 221 4604 v.
242 4548 256 4601 1
276 4563 346 4617 sqq,
374 4549 421 4603 ubi
448 4549 530 4616 quasi
556 4550 777 4617 comprobatam
804 4549 986 4604 sententiam
1012 4561 1110 4602 meam
1136 4547 1252 4602 inveni:
1285 4546 1412 4614 „Aristo-
