3216 5040
723 257 880 312 -31-

248 420 552 505 Progrediamur'
545 437 609 484 ram
635 420 735 484 adv.
760 424 900 504 8sqq.:
943 456 983 487 λον
1014 443 1054 487 νον
1085 435 1188 507 ρολνο
1191 457 1212 488 ον
1244 436 1426 508 λορνλολοςο

157 525 300 597 σύμβολον,
319 523 687 596 αὐγὴνπυρὸςφὲρουοον
677 523 703 574 ἐν
723 523 915 595 Ιροὶοιςφοίτιν
940 524 1126 595 ἁλώσοιμὸνέτ
1152 525 1293 594 βάιξνᾺ-
1318 521 1368 578 ὧδε
1392 531 1440 598 γὰρ
1544 592 1546 594 ¹
1593 517 1594 592 ρ

153 652 247 706 οροοο.
237 633 380 702 ῑρ-ννολος
402 629 603 702 λνλροβοολον-
592 630 666 691 Ma
653 632 695 691 ζον
714 631 778 701 λλορ
800 613 951 701 (Sequor
975 615 1029 681 his
1054 630 1086 682 et
1111 617 1339 700 sequentibus
1363 637 1443 684 ver-

156 725 258 791 sibus
284 722 406 789 bonam
433 721 595 788 Verrallii
620 721 960 806 interpunctionem).
1009 719 1116 805 Quod
1141 726 1262 790 attinet
1285 725 1326 789 ad
1345 743 1378 790 v.
1401 729 1441 791 10

160 842 210 898 ὧδε
229 849 276 916 γὰρ
295 852 383 916 κρατεῖ
403 847 523 915 γυναικὸς
544 844 715 915 ἀνδρόβουλον
743 843 844 905 ἐλπίζον
868 827 993 913 (ἐλπίζων
1019 829 1123 911 Med„
1155 844 1245 896 lecta
1270 833 1442 921 Scriptura

162 935 281 1020 λλλλον)
306 953 380 1023 λλορ,
405 955 531 1002 versus
560 954 628 1001 non
661 937 774 1001 solum
806 949 946 1017 temere,
972 955 1179 1022 quamquam
1207 956 1332 1003 sensus
1365 939 1440 1020 ejus

158 1047 311 1129 optimus
337 1058 399 1125 est,
424 1063 442 1108 a
468 1043 645 1109 nonnullis
669 1056 820 1109 mutatus
846 1057 908 1123 est,
933 1061 1056 1108 verum
1082 1047 1182 1109 etiam
1208 1047 1304 1110 varie
1322 1045 1363 1110 ab
1389 1048 1439 1110 in-

158 1141 371 1236 terpretibus
396 1150 598 1234 explicatur.
646 1149 800 1235 Blaydes
824 1150 963 1234 quidem
980 1148 1160 1235 (Aeschyli
1191 1149 1312 1236 Agam.
1341 1150 1439 1235 1898)
1483 1172 1487 1178 ’
1593 1117 1594 1120 ¹

156 1276 302 1325 versum
329 1259 374 1323 ita
398 1271 565 1323 mutatum
591 1276 625 1322 lll
651 1271 783 1322 textum
816 1259 1004 1340 reeepllsstb
985 1271 1033 1323 ωδε
1061 1275 1111 1343 γὰρ
1130 1292 1218 1343 aptate.
1211 1279 1231 1322 ῐν
1251 1293 1295 1344 ρον
1299 1275 1370 1335 araba
1394 1273 1439 1326 οἱν-

159 1367 414 1452 λροβοολονλλλζλ
410 1382 499 1450 ολοορ
502 1364 626 1448 ,quod
652 1340 742 1429 idem
769 1365 1032 1448 interpretatur:
1067 1365 1110 1428 ita
1142 1366 1232 1428 enim
1264 1379 1440 1449 praestare

162 1472 298 1557 (melius
323 1471 378 1537 vel
405 1473 574 1558 optimum
600 1469 692 1554 esse)
717 1472 878 1554 opinatur
901 1468 1036 1550 mulier,
1061 1471 1252 1538 secundum
1273 1469 1335 1556 Ag.
1357 1476 1441 1536 1363

160 1594 218 1646 ἀλλ’
238 1593 283 1646 οὐκ
303 1594 416 1657 ἀνεκτὸν,
438 1593 506 1644 ἀλλὰ
525 1595 664 1646 κατθανεῖν
683 1598 778 1664 κρατεῖ.
824 1575 898 1642 Hac
923 1590 1036 1642 autem
1066 1580 1240 1667 scriptura·
1269 1593 1301 1643 el
1331 1579 1441 1661 expll-

157 1689 291 1752 catione
317 1683 547 1768 Aeschyleam
573 1684 664 1749 illam
690 1683 826 1750 dicendi
852 1686 922 1749 vim
950 1686 1076 1748 mirum
1093 1700 1260 1768 quantum
1280 1687 1438 1750 imminui

157 1807 191 1859 et
215 1810 359 1858 sensum
385 1793 498 1875 ipsum
524 1792 707 1875 depravari
725 1789 946 1857 manifestum
972 1805 1034 1856 est.
1070 1789 1185 1876 Atque
1206 1810 1249 1856 ne
1266 1790 1439 1858 Verrallio

158 1900 300 1984 quidem
326 1900 488 1963 assentiri
513 1917 656 1981 possum
682 1917 760 1963 cum
787 1898 970 1964 contendat
1005 1897 1172 1963 vocabula
1198 1913 1358 1984 ,-ρονοοος..
1375 1915 1439 1985 λλορ

160 2023 229 2071 non
256 2002 548 2090 Clytaemestram
585 2004 788 2089 significare,
826 2005 886 2070 sed
923 2008 1108 2089 generatim
1148 2005 1333 2073 mulierum
1367 2025 1441 2071 om-

161 2115 243 2178 nino
267 2126 422 2178 naturam
449 2125 481 2177 et
506 2111 656 2178 indolem
687 2113 838 2177 indicare
867 2111 944 2196 (,ορο
921 2128 1009 2189 νολος
1041 2115 1070 2176 is
1100 2115 1248 2196 generic,
1280 2126 1339 2178 not
1369 2113 1438 2194 ,the

160 2219 251 2303 lady‘
281 2223 301 2284 i.
334 2238 363 2284 e.
397 2216 666 2303 Clytaemestra,
698 2219 842 2285 andella
808 2233 1025 2304 λλζλονοορο
1052 2221 1196 2304 generic
1227 2219 1438 2303 description

158 2323 380 2409 ofwomant).
417 2324 506 2390 Nam
522 2317 761 2391 excubitorem
779 2325 1079 2411 vocabulopyatttg
1097 2328 1200 2390 unius
1218 2340 1349 2390 tantum
1366 2341 1441 2390 mu·

157 2434 252 2501 lieris
267 2438 287 2499 i.
307 2453 335 2499 e.
351 2431 630 2517 Clytaemestrae
647 2431 803 2498 voluisse
820 2451 964 2497 monere
981 2449 1068 2497 exeo
1083 2434 1158 2515 ipso
1175 2446 1327 2516 apparet,
1345 2433 1439 2518 quod

157 2541 348 2624 epithetum
384 2554 564 2626 λνλροβοολον,
602 2540 695 2623 quod
726 2541 881 2604 omnium
915 2541 1044 2623 optime
1074 2538 1237 2604 Meineke
1269 2541 1438 2622 interpre-

160 2660 252 2712 tatur
281 2661 445 2734 λνλρολνρον
476 2649 496 2712 i.
521 2665 550 2712 e.
575 2650 654 2728 ,viri
680 2645 848 2726 moribus,
873 2646 999 2725 indole,
1025 2646 1201 2711 voluntate
1219 2646 1436 2729 praeditum‘,

162 2753 296 2817 etiamsi
321 2769 388 2816 non
415 2735 504 2820 recte
529 2754 619 2818 idem
650 2767 815 2840 λνλρολνρρον
847 2756 880 2817 in
907 2751 1038 2818 textum
1071 2755 1184 2836 ipsum
1218 2755 1323 2836 recipi
1353 2753 1438 2832 vult,

161 2876 230 2924 non
263 2858 305 2923 de
335 2858 496 2925 omnibus
526 2859 731 2924 mulieribus
760 2859 825 2924 dici
858 2872 982 2944 potest,
1017 2860 1078 2925 sed
1107 2860 1150 2925 de
1181 2877 1289 2944 parva
1319 2877 1437 2924 earum

157 2978 266 3049 parte.
315 2961 421 3048 Quod
447 2982 560 3032 autem
586 2965 722 3032 Verrall
748 2967 829 3032 dicit
855 2969 1029 3031 notionem
1055 2966 1251 3051 λ,λλονίλλί
1278 2980 1437 3031 nontam

158 3074 312 3158 angustis
352 3071 484 3139 linibus
524 3074 875 3139 circumscribendam
918 3092 995 3138 esse
1029 3092 1130 3158 quam
1172 3074 1246 3139 aliis
1278 3072 1439 3157 plurimis

162 3179 245 3244 locis
280 3178 315 3264 (i.
341 3199 369 3245 e.
395 3181 585 3264 ,sperare‘),
611 3181 671 3245 sed
697 3181 797 3245 latius
822 3180 887 3246 hoc
912 3180 986 3246 loco
1010 3195 1126 3265 patere
1151 3193 1184 3246 et
1208 3182 1351 3245 omnino
1375 3181 1442 3264 sig-

161 3283 299 3353 nificare
324 3288 510 3354 mulierum
536 3288 627 3352 illam
660 3290 775 3353 omnia
806 3290 906 3353 etiam
940 3290 1090 3352 maxime
1121 3290 1220 3352 mira·
1238 3301 1271 3352 et
1301 3285 1438 3352 insolita

159 3395 365 3478 imaginandi
402 3395 688 3460 consuetudinem
726 3388 1058 3478 mutabilitatem'que
1089 3394 1318 3474 voluntatum,
1349 3409 1436 3476 quae

158 3499 364 3584 plerumque
389 3515 526 3586 ροοολο,
547 3518 746 3587 (ρονλςλολοο)
766 3504 882 3566 vocari
907 3500 991 3566 mihi
1015 3501 1165 3581 videtur,
1186 3500 1313 3585 (,λλλῑζον
1329 3500 1439 3564 wider

158 3605 237 3673 than
278 3605 380 3689 hope,
421 3606 577 3672 includes
613 3606 725 3692 fancy,
761 3610 980 3693 imagination
1021 3622 1083 3673 etc.
1132 3605 1177 3673 So
1213 3622 1308 3681 λλλλον
1344 3604 1437 3672 often

157 3731 277 3779 means
312 3726 345 3777 to
380 3715 604 3797 imagine...
639 3715 696 3780 the
726 3715 875 3800 speaker
909 3718 940 3780 is¹
968 3715 1132 3799 disposed
1166 3727 1200 3780 to
1230 3713 1351 3799 regard
1384 3712 1438 3792 his

156 3834 295 3906 strange
320 3822 522 3903 occupation
548 3839 585 3886 as
609 3822 676 3888 due
706 3836 740 3888 to
765 3841 861 3888 some
894 3823 975 3887 wild
1012 3820 1110 3887 freal(
1141 3819 1180 3886 ol
1208 3820 1265 3886 the
1294 3817 1438 3904 queen's

156 3929 349 4008 capricious
376 3925 477 4012 fancy
502 3929 568 3994 and
594 3927 758 3995 feminine
776 3928 1032 4014 imagination‘),
1050 3929 1209 4014 equidem
1228 3927 1434 3993 crediderim

158 4032 395 4099 excubitorem
421 4038 535 4119 ipsum
562 4035 616 4102 his
649 4038 768 4103 verbis
799 4036 883 4103 nihil
914 4037 1005 4102 aliud
1037 4036 1152 4100 dicere
1183 4034 1339 4101 voluisse
1371 4035 1437 4099 nisi

158 4132 450 4220 Clytaemestram
476 4147 559 4209 certi
585 4143 713 4228 aliquid
739 4162 880 4228 sperare
900 4146 925 4208 i.
950 4160 978 4207 e.
998 4141 1270 4226 Agamemnonis
1294 4143 1437 4206 victoris

156 4245 255 4326 quasi
287 4263 348 4329 per
381 4249 595 4333 triumphum
629 4249 846 4335 magnificum
879 4253 913 4314 in
945 4250 1087 4314 domum
1122 4250 1248 4333 regiam
1276 4249 1437 4328 reditum,

156 4350 190 4416 id
222 4351 315 4434 quod
344 4355 385 4419 ad
418 4356 616 4440 superbiam
647 4358 722 4438 ejus
752 4356 839 4422 bene
871 4359 1047 4438 convenit3
1080 4368 1291 4440 spectatores
1323 4369 1435 4419 autem

156 4471 192 4524 ut
217 4459 283 4524 iam
317 4459 372 4525 hic
403 4465 592 4548 cogitarent
622 4464 665 4531 de
695 4464 798 4529 caede
828 4462 1099 4548 Agamemnonis
1132 4481 1149 4528 a
1179 4459 1437 4546 Clytaemestra

155 4580 301 4648 sperata,
326 4569 420 4652 quod
446 4587 515 4634 non
541 4571 621 4635 item
647 4569 735 4636 cadit
760 4572 794 4635 in
819 4570 1010 4650 custodem,
1035 4568 1204 4635 vocabulo
1231 4581 1340 4651 λλλζον,
1368 4585 1438 4650 quo
