3216 5040
594 213 600 228 Χ
697 252 857 304 -οοε-

135 417 213 462 esse
255 396 423 482 significet
457 399 641 481 impietatis
676 413 849 482 tamquam
883 400 1035 463 insaniae
1075 399 1283 481 oppositam.
1343 395 1418 481 (Cr.

138 503 236 568 Eum.
261 517 299 587 V.¹
320 508 385 568 536
410 522 485 587 sqq·
510 517 645 585 δυσσεβίας
666 520 709 590 μὲν
728 520 800 590 ύβρις
820 519 1057 589 τένοςώςὲπύμως,
1078 519 1106 570 ἐν.
1126 519 1147 570 δ’
1168 519 1267 589 ύφιείας
1288 528 1384 591 φρενῶν
1404 521 1417 572 b

136 633 199 676 aaa
220 625 294 695 φίλος
312 627 356 676 καὶ
376 625 533 677 πολύευκτος
554 624 638 692 ὄλβος,
673 610 725 676 De
750 611 812 676 hac
836 613 935 695 quasi
960 610 1068 676 ethica
1087 609 1252 695 Aeschyli
1271 630 1416 696 operum

137 733 268 798 natura,
293 735 380 800 quae
399 719 549 783 maxime
566 721 720 784 cernitur
744 721 777 783 in
797 716 949 798 Orestia,
976 718 1062 782 bene
1081 715 1305 801 praelationis
1321 721 1417 784 initio
1457 709 1459 714 ’

73 905 79 928 ρ
134 825 287 906 dispulal
312 826 355 889 ita
381 822 807 903 Wecklein-ZomerideS,
841 837 974 908 Αἰσχύλου
993 837 1113 909 δράματα
1134 839 1268 909 σῳζόμενα
1287 839 1413 890 καὶάπο-

139 945 261 996 λωλύπων
283 946 487 1015 άπασπάσματα,
507 943 663 1019 Ἀθήνησιν.
694 934 882 996 1891-—972
907 945 969 998 Ἐάν
995 945 1008 996 o
1034 945 1156 1017 ’Όμηρος
1182 946 1226 996 καὶ
1252 943 1275 996 οἱ
1303 947 1417 1016 τραγικοὶ

138 1035 368 1104 ύαολαμβανωνται
385 1034 580 1106 ύλλωύσηςκαὶ
601 1033 623 1087 οἱ
645 1044 777 1108 προφητατ
792 1045 841 1108 της
860 1034 996 1098 Ἑλλάδος,
1011 1035 1200 1106 άνανττρρηπως
1214 1028 1250 1096 εἷς
1260 1043 1309 1086 τῶν
1324 1034 1416 1106 μεγίσ-

136 1145 183 1174 ττον
204 1132 343 1198 προφητῶν
361 1125 405 1176 καὶ
430 1125 686 1194 μεγαλοφωνοτάτων
705 1126 827 1198 κηρύκων
852 1136 896 1196 της
915 1124 1015 1196 ἠθικῆς
1040 1124 1084 1175 καὶ
1112 1123 1255 1192 εὐσεβείας,
1275 1132 1323 1196 τῆς
1347 1121 1428 1193 ἰδέας,

136 1215 191 1282 περὶ
207 1222 283 1286 π’ρης
301 1214 345 1264 καὶ
365 1222 414 1286 της
434 1215 496 1285 πρὸς
511 1216 558 1286 τὴν
575 1214 683 1286 πατρίδα
698 1215 804 1286 ἀγάπης
823 1210 887 1266 εἶναι
908 1214 920 1266 ὁ
939 1211 1079 1282 Αἰσχύλος,
1096 1207 1124 1264 ού
1139 1216 1170 1264 τά
1189 1211 1255 1284 ἔργα
1274 1214 1417 1284 παρέχουσι

136 1306 179 1363 τάς
205 1303 358 1371 σεμνοτάτας
381 1302 424 1353 καὶ
449 1301 617 1374 ὑψηλοτάτοις
642 1301 738 1364 ἑννοίας
763 1303 788 1354 ἐν
816 1301 948 1372 καλλίστῳ
974 1300 1034 1353 εἴδει
1058 1299 1145 1372 λόφου,
1183 1300 1273 1363 tibzeh
1302 1304 1417 1375 ποιητὴς

141 1393 255 1454 αξόύται
280 1391 380 1461 μᾶλλον
404 1388 482 1442 αυτοῦ
510 1393 541 1441 νὰ
566 1388 628 1442 εἶναι
652 1392 665 1443 ὁ
689 1394 854 1464 καθηγεμὼν
880 1402 929 1464 της
954 1392 1075 1464 νεότητος
1100 1389 1142 1442 aa?
1168 1391 1182 1442 ὁ
1210 1391 1348 1462 σύντροφος
1372 1399 1416 1443 τού

137 1481 299 1550 inimoco)
1325 1537 1328 1546 .

226 1569 293 1636 Sed
317 1570 380 1636 alia
405 1589 544 1654 quoque
569 1571 611 1636 de
636 1588 737 1636 causa
762 1571 926 1636 amabiles
952 1572 1035 1636 mihi
1060 1573 1224 1637 videntur
1248 1570 1414 1655 Aeschyli

138 1697 252 1742 mores
276 1692 471 1761 propterea,
496 1679 589 1761 quod
623 1696 702 1742 eum
736 1697 906 1742 summam
940 1677 1030 1742 illam
1064 1681 1266 1763 gravitatem
1299 1693 1332 1743 et
1363 1698 1416 1744 se·

135 1788 314 1849 veritatem
340 1787 419 1866 viri,
443 1788 502 1868 qui
528 1787 628 1850 etiam
653 1785 814 1851 duritiam
844 1788 1087 1869 tristitiamque
1122 1787 1211 1851 vitae
1246 1784 1415 1851 humanae

135 1911 172 1956 ac
203 1894 351 1982 tragicas
383 1892 625 1976 terribilesque
661 1894 764 1956 animi
795 1891 974 1957 hominum
1006 1905 1121 1975 partes
1151 1895 1290 1975 penitus
1319 1910 1416 1976 pers-

135 2013 288 2081 pexerat,
312 2017 390 2064 cum
417 1996 602 2064 festivitate
619 1999 766 2082 quadam
785 2013 817 2063 et
835 2001 993 2065 comitate
1012 1997 1282 2082 facetiarumque
1299 2002 1415 2065 studio

136 2109 292 2170 iunxisse
328 2105 488 2171 arbitror.
545 2102 618 2187 Qui
654 2105 745 2186 salis,
782 2107 921 2188 leporis,
955 2106 1099 2171 laetitiae
1138 2123 1235 2170 amor
1267 2124 1343 2171 cum
1380 2109 1413 2171 in

133 2211 340 2296 effingendis
375 2213 553 2278 hominum
591 2214 633 2278 de
667 2212 767 2296 plebe
801 2214 961 2295 personis
994 2210 1090 2277 velut
1128 2211 1341 2277 excubitoris
1382 2226 1415 2279 et

135 2322 315 2403 praeconis
337 2323 370 2384 in
396 2317 667 2404 Agamemnone,
687 2316 837 2386 Cilissae
861 2322 1005 2384 nutricis
1029 2334 1106 2384 ante
1125 2321 1233 2402 ipsam
1253 2333 1416 2385 catastro-

135 2428 236 2510 pham
253 2429 286 2491 in
302 2423 528 2510 Choephoris
543 2441 614 2491 tum
636 2425 849 2491 creberrimo
866 2429 1019 2492 cernitur
1032 2426 1277 2491 antithetorum
1296 2445 1361 2490 usu
1382 2440 1415 2492 et

136 2534 189 2598 illa
201 2548 321 2616 poetae
336 2535 446 2598 nostri
459 2534 710 2598 consuetudine
723 2532 941 2616 metaphoras
954 2534 1133 2614 adjectivis
1152 2531 1412 2598 similitudinem

135 2640 334 2705 tollentibus
358 2642 454 2721 juxta
479 2643 601 2723 positis
625 2641 724 2723 quasi
751 2637 881 2730 facetiis
906 2640 1070 2724 tingendi,
1097 2640 1130 2705 id
1157 2640 1251 2723 quod
1283 2642 1413 2723 optime

134 2750 310 2812 annotavit
334 2745 516 2812 Wecklein
542 2745 562 2811 l.
588 2745 608 2810 l.
634 2747 675 2812 ad
702 2744 823 2831 Agam.
849 2765 883 2812 v.
908 2751 951 2811 82
965 2744 1007 2830 49)
1032 2761 1065 2812 et
1089 2747 1130 2811 ad
1157 2744 1276 2831 Agam.
1301 2752 1376 2810 741.

226 2853 321 2918 Haec
345 2851 512 2935 Aeschyli
538 2873 674 2919 morum
710 2854 904 2919 iucunditas
937 2852 1164 2937 amplificatur
1194 2871 1314 2938 magna
1338 2857 1413 2918 eius

135 2965 167 3025 in
194 2980 331 3026 summo
357 2941 483 3044 ingenii
518 2961 703 3043 splendore
730 2961 908 3041 modestia,
933 2979 1020 3044 quae
1049 2960 1243 3026 luculenter
1271 2961 1414 3026 demon·

134 3084 262 3132 stratur
286 3070 532 3152 epigrammate
558 3068 615 3134 illo
640 3068 681 3133 ab
707 3071 783 3152 ipso
808 3067 958 3151 sepulcri
991 3071 1024 3132 in
1051 3067 1137 3133 urbe
1171 3064 1259 3133 Gela
1292 3087 1414 3133 monu-

136 3190 251 3238 mento
264 3177 429 3258 inscripto
448 3172 543 3256 (Ath.
560 3174 669 3257 627c),
683 3193 752 3259 quo
765 3178 893 3241 omissa
909 3179 1052 3240 omnino
1068 3174 1168 3240 laude
1184 3165 1315 3258 poetica
1332 3177 1414 3239 sim·

135 3283 269 3364 pliciter
283 3280 374 3345 nulla
389 3281 452 3347 alia
467 3301 503 3346 re
517 3281 682 3366 gloriatur
697 3285 761 3346 nisi
776 3285 883 3365 patria
897 3301 914 3347 a
930 3281 1048 3346 Persis
1062 3283 1103 3346 ad
1117 3280 1356 3346 Marathonem
1371 3281 1412 3346 ab

135 3391 209 3470 ipso
245 3386 398 3467 defensa,
432 3388 494 3452 hac
526 3391 559 3453 in
595 3406 632 3454 re
667 3391 732 3453 iam
777 3389 956 3453 dissimilis
991 3387 1152 3468 Pindar0,
1186 3391 1244 3470 qui
1279 3402 1412 3454 ceteros

133 3499 251 3560 aetatis
288 3513 370 3559 suae
406 3510 524 3578 poetas
557 3514 745 3561 corvorum
781 3513 975 3560 raucorum.
999 3497 1111 3560 cantui
1146 3513 1266 3560 eorum
1307 3513 1411 3577 opera

134 3601 366 3684 comparando
391 3602 552 3685 superbe,
582 3605 734 3667 etsiamsi
770 3620 838 3666 non
864 3600 964 3684 plane
989 3604 1162 3666 immerito
1187 3601 1410 3685 despexit⁵‘')‚

135 3711 241 3790 magis
266 3711 366 3772 etiam
400 3709 562 3774 diversus
592 3728 609 3773 a
641 3708 758 3775 multis
790 3711 900 3792 poetis
931 3709 1111 3792 doctisque
1153 3711 1411 3789 recentissimis,

134 3817 191 3897 qui
218 3815 349 3879 discant
374 3815 415 3879 ab
434 3814 610 3899 Aeschylo
636 3814 709 3888 lieri
736 3834 851 3900 posse,
877 3830 912 3880 ut
934 3819 1034 3880 etiam
1063 3818 1212 3880 maxime
1237 3815 1411 3880 excellens

135 3924 271 4004 ingenio
296 3924 351 3987 vir
377 3922 465 3986 idem
493 3926 536 3987 sit
561 3923 851 3988 modestissimus.
951 3909 954 3916 ’

225 4027 338 4112 Atque
370 4031 398 4092 si
426 4027 650 4111 Aeschylum,
684 4048 753 4114 quo
784 4033 890 4114 magis
922 4030 1051 4095 eluceat
1083 4043 1116 4093 et
1147 4032 1331 4111 conspicua
1368 4031 1412 4094 sit

135 4138 259 4217 ingenii
285 4139 359 4200 eius
384 4138 589 4218 proprietas
615 4134 860 4219 Aristophanis
891 4136 974 4202 illud
1006 4139 1038 4201 in
1071 4135 1177 4200 Ranis
1210 4135 1409 4218 exemplum

135 4259 273 4307 secutus
298 4243 389 4307 haud
416 4245 486 4307 scio
511 4262 553 4307 an
578 4247 706 4326 optime
736 4246 837 4308 etiam
870 4263 946 4308 cum
974 4241 1145 4325 Sophocle
1174 4241 1305 4326 aequali
1331 4260 1412 4306 con-

136 4348 234 4423 i'cras,
259 4351 358 4413 cuius
383 4349 518 4414 laudem
545 4355 703 4433 proxime
733 4352 895 4414 accedere
927 4351 967 4414 ad
995 4349 1208 4431 Aeschylum
1240 4350 1330 4414 idem
1356 4367 1412 4413 co-

136 4457 254 4532 micus
296 4454 356 4519 hac
394 4457 426 4518 in
463 4474 499 4520 re
532 4457 638 4536 judex
675 4455 908 4537 felicissimus,
937 4457 1103 4536 concedit,
1136 4456 1410 4537 praeclarissime

135 4561 216 4622 mihi
242 4561 380 4643 quidem
409 4563 473 4625 iam
500 4562 541 4626 ab
567 4563 641 4628 aliis
666 4564 797 4628 dictum
824 4564 961 4628 videtur
986 4581 1063 4627 esse
1083 4562 1296 4646 Aeschylum
1323 4564 1411 4626 sic-ut
