<?xml version="1.0" encoding="UTF-8"?>
<!DOCTYPE html PUBLIC "-//W3C//DTD XHTML 1.0 Transitional//EN"
    "http://www.w3.org/TR/xhtml1/DTD/xhtml1-transitional.dtd">
<html xmlns="http://www.w3.org/1999/xhtml" xml:lang="en" lang="en">
 <head>
  <title>
</title>
<meta http-equiv="Content-Type" content="text/html;charset=utf-8" />
  <meta name='ocr-system' content='tesseract 3.04.00' />
  <meta name='ocr-capabilities' content='ocr_page ocr_carea ocr_par ocr_line ocrx_word'/>
</head>
<body>
  <div class='ocr_page' id='page_1' title='image "./studiainaeschyl00ruckgoog_0023.png"; bbox 0 0 3216 5040; ppageno 0'>
   <div class='ocr_carea' id='block_1_1' title="bbox 1135 11 1544 119">
    <p class='ocr_par' dir='ltr' id='par_1_1' title="bbox 1135 11 1544 119">
     <span class='ocr_line' id='line_1_1' title="bbox 1135 11 1544 119; baseline 0 -90"><span class='ocrx_word' id='word_1_1' title='bbox 1135 11 1245 57; x_wconf 52' lang='grc' dir='ltr'>ΙᾟΙἾΊἻ</span> <span class='ocrx_word' id='word_1_2' title='bbox 1275 18 1304 32; x_wconf 66' lang='lat' dir='ltr'><strong>rr·-</strong></span> <span class='ocrx_word' id='word_1_3' title='bbox 1311 18 1544 119; x_wconf 52' lang='grc' dir='ltr'>η</span> 
     </span>
     <span class='ocr_line' id='line_1_2' title="bbox 1320 61 1342 80; baseline 0 -5"><span class='ocrx_word' id='word_1_4' title='bbox 1320 72 1325 80; x_wconf 78' lang='grc'>,</span> <span class='ocrx_word' id='word_1_5' title='bbox 1334 61 1342 75; x_wconf 79' lang='lat'><strong>1·</strong></span> 
     </span>
    </p>
   </div>
   <div class='ocr_carea' id='block_1_2' title="bbox 26 72 45 191">
    <p class='ocr_par' dir='ltr' id='par_1_2' title="bbox 26 72 45 191">
     <span class='ocr_line' id='line_1_3' title="bbox 26 72 45 191; baseline 0 -104"><span class='ocrx_word' id='word_1_6' title='bbox 26 72 45 191; x_wconf 37' lang='lat' dir='ltr'><strong>K,</strong></span> 
     </span>
    </p>
   </div>
   <div class='ocr_carea' id='block_1_3' title="bbox 26 185 864 433">
    <p class='ocr_par' dir='ltr' id='par_1_3' title="bbox 26 185 864 433">
     <span class='ocr_line' id='line_1_4' title="bbox 26 185 864 280; baseline 0.001 -25"><span class='ocrx_word' id='word_1_7' title='bbox 26 185 30 280; x_wconf 72' lang='lat' dir='ltr'><strong>l</strong></span> <span class='ocrx_word' id='word_1_8' title='bbox 291 247 293 254; x_wconf 94' lang='lat'><strong>.</strong></span> <span class='ocrx_word' id='word_1_9' title='bbox 698 203 864 256; x_wconf 79' lang='lat'><strong>-14-</strong></span> 
     </span>
     <span class='ocr_line' id='line_1_5' title="bbox 28 409 34 433; baseline 0 0"><span class='ocrx_word' id='word_1_10' title='bbox 28 409 34 433; x_wconf 77' lang='lat'><strong>.</strong></span> 
     </span>
    </p>
   </div>
   <div class='ocr_carea' id='block_1_4' title="bbox 5 341 1440 4596">
    <p class='ocr_par' dir='ltr' id='par_1_4' title="bbox 5 341 1440 4596">
     <span class='ocr_line' id='line_1_6' title="bbox 139 341 1424 432; baseline -0.001 -20"><span class='ocrx_word' id='word_1_11' title='bbox 139 347 343 432; x_wconf 90' lang='lat' dir='ltr'><strong>probantur.</strong></span> <span class='ocrx_word' id='word_1_12' title='bbox 380 345 467 412; x_wconf 90' lang='lat' dir='ltr'><strong>Aliis</strong></span> <span class='ocrx_word' id='word_1_13' title='bbox 492 345 555 410; x_wconf 88' lang='lat' dir='ltr'><strong>alia</strong></span> <span class='ocrx_word' id='word_1_14' title='bbox 573 347 737 430; x_wconf 85' lang='lat' dir='ltr'><strong>placeant.</strong></span> <span class='ocrx_word' id='word_1_15' title='bbox 779 347 831 412; x_wconf 87' lang='lat' dir='ltr'><strong>Ex</strong></span> <span class='ocrx_word' id='word_1_16' title='bbox 849 348 902 413; x_wconf 89' lang='lat' dir='ltr'><strong>his</strong></span> <span class='ocrx_word' id='word_1_17' title='bbox 919 341 1083 413; x_wconf 91' lang='lat' dir='ltr'><strong>omnibus</strong></span> <span class='ocrx_word' id='word_1_18' title='bbox 1107 363 1219 413; x_wconf 90' lang='lat' dir='ltr'><strong>autem</strong></span> <span class='ocrx_word' id='word_1_19' title='bbox 1246 365 1334 430; x_wconf 90' lang='lat' dir='ltr'><strong>quae</strong></span> <span class='ocrx_word' id='word_1_20' title='bbox 1358 349 1424 411; x_wconf 91' lang='lat' dir='ltr'><strong>iam</strong></span> 
     </span>
     <span class='ocr_line' id='line_1_7' title="bbox 138 451 1425 538; baseline 0.001 -19"><span class='ocrx_word' id='word_1_21' title='bbox 138 455 214 523; x_wconf 85' lang='lat' dir='ltr'>dixi</span> <span class='ocrx_word' id='word_1_22' title='bbox 243 468 359 538; x_wconf 92' lang='lat' dir='ltr'><strong>patere</strong></span> <span class='ocrx_word' id='word_1_23' title='bbox 385 453 534 520; x_wconf 83' lang='lat' dir='ltr'><strong>arbitror</strong></span> <span class='ocrx_word' id='word_1_24' title='bbox 569 451 783 538; x_wconf 84' lang='lat' dir='ltr'>Aeschylum</span> <span class='ocrx_word' id='word_1_25' title='bbox 819 454 1007 535; x_wconf 91' lang='lat' dir='ltr'><strong>hominem,</strong></span> <span class='ocrx_word' id='word_1_26' title='bbox 1037 455 1069 519; x_wconf 94' lang='lat' dir='ltr'><strong>id</strong></span> <span class='ocrx_word' id='word_1_27' title='bbox 1103 454 1196 538; x_wconf 92' lang='lat' dir='ltr'><strong>quod</strong></span> <span class='ocrx_word' id='word_1_28' title='bbox 1228 457 1293 518; x_wconf 95' lang='lat' dir='ltr'><strong>iam</strong></span> <span class='ocrx_word' id='word_1_29' title='bbox 1329 456 1425 520; x_wconf 93' lang='lat' dir='ltr'><strong>initio</strong></span> 
     </span>
     <span class='ocr_line' id='line_1_8' title="bbox 23 541 1423 659; baseline 0.001 -34"><span class='ocrx_word' id='word_1_30' title='bbox 23 541 45 659; x_wconf 41' lang='grc' dir='ltr'><strong>’ἔ</strong></span> <span class='ocrx_word' id='word_1_31' title='bbox 140 560 349 626; x_wconf 87' lang='lat' dir='ltr'><strong>brevissime</strong></span> <span class='ocrx_word' id='word_1_32' title='bbox 374 558 575 644; x_wconf 85' lang='lat' dir='ltr'><strong>significavi,</strong></span> <span class='ocrx_word' id='word_1_33' title='bbox 602 579 670 624; x_wconf 92' lang='lat' dir='ltr'><strong>non</strong></span> <span class='ocrx_word' id='word_1_34' title='bbox 696 562 811 625; x_wconf 91' lang='lat' dir='ltr'><strong>minus</strong></span> <span class='ocrx_word' id='word_1_35' title='bbox 836 563 1010 645; x_wconf 88' lang='lat' dir='ltr'><strong>egregium</strong></span> <span class='ocrx_word' id='word_1_36' title='bbox 1044 575 1077 627; x_wconf 88' lang='lat' dir='ltr'><strong>et</strong></span> <span class='ocrx_word' id='word_1_37' title='bbox 1101 559 1281 650; x_wconf 80' lang='lat' dir='ltr'>amabilem</span> <span class='ocrx_word' id='word_1_38' title='bbox 1316 559 1423 626; x_wconf 87' lang='lat' dir='ltr'><strong>fuisse</strong></span> 
     </span>
     <span class='ocr_line' id='line_1_9' title="bbox 137 664 658 750; baseline 0 -20"><span class='ocrx_word' id='word_1_39' title='bbox 137 683 243 750; x_wconf 94' lang='lat' dir='ltr'><strong>quam</strong></span> <span class='ocrx_word' id='word_1_40' title='bbox 269 664 483 749; x_wconf 83' lang='lat' dir='ltr'>Aeschylum</span> <span class='ocrx_word' id='word_1_41' title='bbox 512 679 658 749; x_wconf 92' lang='lat' dir='ltr'><strong>poetam.</strong></span> 
     </span>
     <span class='ocr_line' id='line_1_10' title="bbox 227 769 1440 858; baseline 0.001 -21"><span class='ocrx_word' id='word_1_42' title='bbox 227 769 312 838; x_wconf 86' lang='lat' dir='ltr'><strong>Tam</strong></span> <span class='ocrx_word' id='word_1_43' title='bbox 352 772 457 838; x_wconf 91' lang='lat' dir='ltr'><strong>multa</strong></span> <span class='ocrx_word' id='word_1_44' title='bbox 492 776 594 857; x_wconf 88' lang='lat' dir='ltr'><strong>igitur</strong></span> <span class='ocrx_word' id='word_1_45' title='bbox 628 791 704 838; x_wconf 92' lang='lat' dir='ltr'><strong>cum</strong></span> <span class='ocrx_word' id='word_1_46' title='bbox 741 788 840 857; x_wconf 90' lang='lat' dir='ltr'><strong>poeta</strong></span> <span class='ocrx_word' id='word_1_47' title='bbox 874 786 993 838; x_wconf 90' lang='lat' dir='ltr'><strong>noster</strong></span> <span class='ocrx_word' id='word_1_48' title='bbox 1022 772 1143 838; x_wconf 90' lang='lat' dir='ltr'><strong>habeat</strong></span> <span class='ocrx_word' id='word_1_49' title='bbox 1173 773 1358 858; x_wconf 83' lang='lat' dir='ltr'><strong>singularia</strong></span> <span class='ocrx_word' id='word_1_50' title='bbox 1387 792 1440 839; x_wconf 88' lang='lat' dir='ltr'><strong>ac.</strong></span> 
     </span>
     <span class='ocr_line' id='line_1_11' title="bbox 138 879 1423 968; baseline 0.001 -23.83"><span class='ocrx_word' id='word_1_51' title='bbox 138 879 335 963; x_wconf 87' lang='lat' dir='ltr'><strong>peculiaria,</strong></span> <span class='ocrx_word' id='word_1_52' title='bbox 369 879 466 944; x_wconf 92' lang='lat' dir='ltr'><strong>multi</strong></span> <span class='ocrx_word' id='word_1_53' title='bbox 491 895 604 945; x_wconf 90' lang='lat' dir='ltr'><strong>autem</strong></span> <span class='ocrx_word' id='word_1_54' title='bbox 634 882 710 961; x_wconf 84' lang='lat' dir='ltr'><strong>ejus</strong></span> <span class='ocrx_word' id='word_1_55' title='bbox 735 879 810 968; x_wconf 92' lang='lat' dir='ltr'><strong>loci,</strong></span> <span class='ocrx_word' id='word_1_56' title='bbox 835 897 1043 963; x_wconf 89' lang='lat' dir='ltr'><strong>quamquam</strong></span> <span class='ocrx_word' id='word_1_57' title='bbox 1073 895 1168 945; x_wconf 86' lang='lat' dir='ltr'><strong>certo</strong></span> <span class='ocrx_word' id='word_1_58' title='bbox 1194 881 1307 946; x_wconf 87' lang='lat' dir='ltr'><strong>traditi</strong></span> <span class='ocrx_word' id='word_1_59' title='bbox 1332 895 1423 962; x_wconf 91' lang='lat' dir='ltr'><strong>sunt,</strong></span> 
     </span>
     <span class='ocr_line' id='line_1_12' title="bbox 139 985 1423 1070; baseline 0.002 -19"><span class='ocrx_word' id='word_1_60' title='bbox 139 988 349 1067; x_wconf 85' lang='lat' dir='ltr'><strong>etiamnunc,</strong></span> <span class='ocrx_word' id='word_1_61' title='bbox 372 1006 450 1052; x_wconf 91' lang='lat' dir='ltr'><strong>cum</strong></span> <span class='ocrx_word' id='word_1_62' title='bbox 477 988 546 1052; x_wconf 91' lang='lat' dir='ltr'><strong>sint</strong></span> <span class='ocrx_word' id='word_1_63' title='bbox 570 985 745 1070; x_wconf 83' lang='lat' dir='ltr'><strong>profundi,</strong></span> <span class='ocrx_word' id='word_1_64' title='bbox 771 1006 839 1052; x_wconf 95' lang='lat' dir='ltr'><strong>non</strong></span> <span class='ocrx_word' id='word_1_65' title='bbox 865 989 948 1052; x_wconf 91' lang='lat' dir='ltr'><strong>satis</strong></span> <span class='ocrx_word' id='word_1_66' title='bbox 973 985 1140 1051; x_wconf 91' lang='lat' dir='ltr'><strong>enucleati</strong></span> <span class='ocrx_word' id='word_1_67' title='bbox 1166 1000 1199 1053; x_wconf 90' lang='lat' dir='ltr'><strong>et</strong></span> <span class='ocrx_word' id='word_1_68' title='bbox 1230 986 1312 1052; x_wconf 90' lang='lat' dir='ltr'><strong>clari</strong></span> <span class='ocrx_word' id='word_1_69' title='bbox 1344 991 1423 1070; x_wconf 88' lang='lat' dir='ltr'><strong>sint,</strong></span> 
     </span>
     <span class='ocr_line' id='line_1_13' title="bbox 138 1091 1424 1178; baseline 0.001 -19"><span class='ocrx_word' id='word_1_70' title='bbox 138 1110 265 1176; x_wconf 91' lang='lat' dir='ltr'><strong>operae</strong></span> <span class='ocrx_word' id='word_1_71' title='bbox 290 1096 438 1177; x_wconf 90' lang='lat' dir='ltr'><strong>pretium</strong></span> <span class='ocrx_word' id='word_1_72' title='bbox 471 1108 523 1158; x_wconf 91' lang='lat' dir='ltr'><strong>est</strong></span> <span class='ocrx_word' id='word_1_73' title='bbox 552 1096 690 1176; x_wconf 92' lang='lat' dir='ltr'><strong>penitus</strong></span> <span class='ocrx_word' id='word_1_74' title='bbox 722 1093 923 1159; x_wconf 88' lang='lat' dir='ltr'><strong>incumbere</strong></span> <span class='ocrx_word' id='word_1_75' title='bbox 956 1095 989 1157; x_wconf 93' lang='lat' dir='ltr'><strong>in</strong></span> <span class='ocrx_word' id='word_1_76' title='bbox 1020 1091 1115 1157; x_wconf 92' lang='lat' dir='ltr'><strong>illum</strong></span> <span class='ocrx_word' id='word_1_77' title='bbox 1147 1109 1294 1177; x_wconf 90' lang='lat' dir='ltr'><strong>poetam,</strong></span> <span class='ocrx_word' id='word_1_78' title='bbox 1327 1113 1424 1178; x_wconf 89' lang='lat' dir='ltr'><strong>prae-</strong></span> 
     </span>
     <span class='ocr_line' id='line_1_14' title="bbox 137 1200 1419 1284; baseline 0.001 -20"><span class='ocrx_word' id='word_1_79' title='bbox 137 1203 258 1265; x_wconf 87' lang='lat' dir='ltr'><strong>sertim</strong></span> <span class='ocrx_word' id='word_1_80' title='bbox 283 1218 361 1266; x_wconf 92' lang='lat' dir='ltr'><strong>cum</strong></span> <span class='ocrx_word' id='word_1_81' title='bbox 388 1215 584 1284; x_wconf 91' lang='lat' dir='ltr'><strong>temporum</strong></span> <span class='ocrx_word' id='word_1_82' title='bbox 611 1203 790 1284; x_wconf 89' lang='lat' dir='ltr'><strong>iniquitate</strong></span> <span class='ocrx_word' id='word_1_83' title='bbox 816 1201 923 1284; x_wconf 91' lang='lat' dir='ltr'><strong>magis</strong></span> <span class='ocrx_word' id='word_1_84' title='bbox 947 1201 1049 1283; x_wconf 86' lang='lat' dir='ltr'><strong>quam</strong></span> <span class='ocrx_word' id='word_1_85' title='bbox 1083 1200 1168 1264; x_wconf 91' lang='lat' dir='ltr'><strong>alios</strong></span> <span class='ocrx_word' id='word_1_86' title='bbox 1193 1201 1419 1284; x_wconf 89' lang='lat' dir='ltr'><strong>depravatum</strong></span> 
     </span>
     <span class='ocr_line' id='line_1_15' title="bbox 136 1306 1424 1392; baseline 0.002 -22"><span class='ocrx_word' id='word_1_87' title='bbox 136 1325 217 1370; x_wconf 89' lang='lat' dir='ltr'><strong>eum</strong></span> <span class='ocrx_word' id='word_1_88' title='bbox 243 1325 321 1372; x_wconf 90' lang='lat' dir='ltr'><strong>esse</strong></span> <span class='ocrx_word' id='word_1_89' title='bbox 347 1325 555 1391; x_wconf 86' lang='lat' dir='ltr'><strong>magnopere</strong></span> <span class='ocrx_word' id='word_1_90' title='bbox 579 1306 767 1373; x_wconf 92' lang='lat' dir='ltr'><strong>dolendum</strong></span> <span class='ocrx_word' id='word_1_91' title='bbox 793 1322 894 1390; x_wconf 90' lang='lat' dir='ltr'><strong>atque</strong></span> <span class='ocrx_word' id='word_1_92' title='bbox 919 1306 1021 1372; x_wconf 91' lang='lat' dir='ltr'><strong>hodie</strong></span> <span class='ocrx_word' id='word_1_93' title='bbox 1050 1324 1189 1390; x_wconf 92' lang='lat' dir='ltr'><strong>quoque</strong></span> <span class='ocrx_word' id='word_1_94' title='bbox 1218 1310 1318 1372; x_wconf 92' lang='lat' dir='ltr'><strong>etiam</strong></span> <span class='ocrx_word' id='word_1_95' title='bbox 1345 1322 1424 1392; x_wconf 92' lang='lat' dir='ltr'><strong>post</strong></span> 
     </span>
     <span class='ocr_line' id='line_1_16' title="bbox 139 1411 1421 1498; baseline 0.001 -20.824"><span class='ocrx_word' id='word_1_96' title='bbox 139 1411 346 1478; x_wconf 90' lang='lat' dir='ltr'><strong>Weckleinii</strong></span> <span class='ocrx_word' id='word_1_97' title='bbox 381 1429 414 1494; x_wconf 85' lang='lat' dir='ltr'><strong>ct</strong></span> <span class='ocrx_word' id='word_1_98' title='bbox 453 1413 610 1495; x_wconf 91' lang='lat' dir='ltr'><strong>aliorum,</strong></span> <span class='ocrx_word' id='word_1_99' title='bbox 642 1417 814 1498; x_wconf 87' lang='lat' dir='ltr'><strong>imprimis</strong></span> <span class='ocrx_word' id='word_1_100' title='bbox 850 1412 1104 1479; x_wconf 89' lang='lat' dir='ltr'><strong>Wilamowitzii</strong></span> <span class='ocrx_word' id='word_1_101' title='bbox 1135 1432 1236 1479; x_wconf 90' lang='lat' dir='ltr'><strong>curas</strong></span> <span class='ocrx_word' id='word_1_102' title='bbox 1267 1415 1421 1480; x_wconf 93' lang='lat' dir='ltr'><strong>nondum</strong></span> 
     </span>
     <span class='ocr_line' id='line_1_17' title="bbox 137 1517 1210 1605; baseline 0.002 -21.814"><span class='ocrx_word' id='word_1_103' title='bbox 137 1521 286 1603; x_wconf 87' lang='lat' dir='ltr'><strong>pristino</strong></span> <span class='ocrx_word' id='word_1_104' title='bbox 312 1523 423 1585; x_wconf 88' lang='lat' dir='ltr'><strong>nitore</strong></span> <span class='ocrx_word' id='word_1_105' title='bbox 448 1535 549 1605; x_wconf 89' lang='lat' dir='ltr'><strong>atque</strong></span> <span class='ocrx_word' id='word_1_106' title='bbox 574 1523 766 1605; x_wconf 87' lang='lat' dir='ltr'><strong>integritate</strong></span> <span class='ocrx_word' id='word_1_107' title='bbox 791 1517 915 1585; x_wconf 89' lang='lat' dir='ltr'><strong>florere</strong></span> <span class='ocrx_word' id='word_1_108' title='bbox 940 1520 1130 1604; x_wconf 90' lang='lat' dir='ltr'><strong>putandum</strong></span> <span class='ocrx_word' id='word_1_109' title='bbox 1156 1523 1210 1585; x_wconf 91' lang='lat' dir='ltr'><strong>sit.</strong></span> 
     </span>
     <span class='ocr_line' id='line_1_18' title="bbox 18 1608 1424 1716; baseline 0.001 -25"><span class='ocrx_word' id='word_1_110' title='bbox 18 1608 50 1716; x_wconf 50' lang='lat'><strong>³„</strong></span> <span class='ocrx_word' id='word_1_111' title='bbox 227 1623 344 1708; x_wconf 91' lang='lat' dir='ltr'><strong>Quam</strong></span> <span class='ocrx_word' id='word_1_112' title='bbox 369 1626 414 1692; x_wconf 93' lang='lat' dir='ltr'><strong>ob</strong></span> <span class='ocrx_word' id='word_1_113' title='bbox 440 1647 512 1692; x_wconf 91' lang='lat' dir='ltr'><strong>rem</strong></span> <span class='ocrx_word' id='word_1_114' title='bbox 539 1630 740 1711; x_wconf 89' lang='lat' dir='ltr'><strong>priusquam</strong></span> <span class='ocrx_word' id='word_1_115' title='bbox 771 1627 812 1692; x_wconf 91' lang='lat' dir='ltr'><strong>ad</strong></span> <span class='ocrx_word' id='word_1_116' title='bbox 835 1625 989 1711; x_wconf 92' lang='lat' dir='ltr'><strong>singulos</strong></span> <span class='ocrx_word' id='word_1_117' title='bbox 1014 1624 1176 1692; x_wconf 88' lang='lat' dir='ltr'><strong>Orestiae</strong></span> <span class='ocrx_word' id='word_1_118' title='bbox 1193 1626 1287 1692; x_wconf 87' lang='lat' dir='ltr'><strong>locos</strong></span> <span class='ocrx_word' id='word_1_119' title='bbox 1313 1625 1424 1693; x_wconf 60' lang='lat' dir='ltr'><strong>transss</strong></span> 
     </span>
     <span class='ocr_line' id='line_1_19' title="bbox 13 1716 1422 1818; baseline 0.005 -25"><span class='ocrx_word' id='word_1_120' title='bbox 13 1716 52 1796; x_wconf 70' lang='lat'><strong>3‘3‘</strong></span> <span class='ocrx_word' id='word_1_121' title='bbox 135 1750 224 1818; x_wconf 82' lang='lat' dir='ltr'><strong>eam,</strong></span> <span class='ocrx_word' id='word_1_122' title='bbox 243 1735 316 1817; x_wconf 90' lang='lat' dir='ltr'><strong>ipse</strong></span> <span class='ocrx_word' id='word_1_123' title='bbox 332 1735 415 1818; x_wconf 92' lang='lat' dir='ltr'><strong>quid</strong></span> <span class='ocrx_word' id='word_1_124' title='bbox 434 1736 577 1800; x_wconf 91' lang='lat' dir='ltr'><strong>sentiam</strong></span> <span class='ocrx_word' id='word_1_125' title='bbox 593 1735 636 1800; x_wconf 93' lang='lat' dir='ltr'><strong>de</strong></span> <span class='ocrx_word' id='word_1_126' title='bbox 657 1732 823 1816; x_wconf 84' lang='lat' dir='ltr'><strong>Aeschyli</strong></span> <span class='ocrx_word' id='word_1_127' title='bbox 843 1734 999 1799; x_wconf 92' lang='lat' dir='ltr'><strong>codicum</strong></span> <span class='ocrx_word' id='word_1_128' title='bbox 1016 1736 1216 1799; x_wconf 89' lang='lat' dir='ltr'><strong>auctoritate</strong></span> <span class='ocrx_word' id='word_1_129' title='bbox 1229 1747 1331 1817; x_wconf 90' lang='lat' dir='ltr'><strong>atque</strong></span> <span class='ocrx_word' id='word_1_130' title='bbox 1349 1748 1422 1800; x_wconf 88' lang='lat' dir='ltr'><strong>arte</strong></span> 
     </span>
     <span class='ocr_line' id='line_1_20' title="bbox 137 1839 1421 1924; baseline 0.004 -23.507"><span class='ocrx_word' id='word_1_131' title='bbox 137 1843 313 1924; x_wconf 85' lang='lat' dir='ltr'><strong>exegetica</strong></span> <span class='ocrx_word' id='word_1_132' title='bbox 338 1854 372 1906; x_wconf 92' lang='lat' dir='ltr'><strong>ct</strong></span> <span class='ocrx_word' id='word_1_133' title='bbox 396 1843 569 1907; x_wconf 77' lang='lat' dir='ltr'><strong>critica&#39;in</strong></span> <span class='ocrx_word' id='word_1_134' title='bbox 596 1840 660 1906; x_wconf 94' lang='lat' dir='ltr'><strong>hoc</strong></span> <span class='ocrx_word' id='word_1_135' title='bbox 691 1855 790 1924; x_wconf 89' lang='lat' dir='ltr'><strong>poeta</strong></span> <span class='ocrx_word' id='word_1_136' title='bbox 822 1839 1026 1920; x_wconf 90' lang='lat' dir='ltr'><strong>adhibenda,</strong></span> <span class='ocrx_word' id='word_1_137' title='bbox 1059 1839 1212 1905; x_wconf 88' lang='lat' dir='ltr'><strong>breviter</strong></span> <span class='ocrx_word' id='word_1_138' title='bbox 1243 1858 1421 1923; x_wconf 87' lang='lat' dir='ltr'><strong>exponen-</strong></span> 
     </span>
     <span class='ocr_line' id='line_1_21' title="bbox 134 1944 1418 2031; baseline 0.001 -18.92"><span class='ocrx_word' id='word_1_139' title='bbox 134 1949 219 2012; x_wconf 92' lang='lat' dir='ltr'><strong>dum</strong></span> <span class='ocrx_word' id='word_1_140' title='bbox 250 1947 411 2013; x_wconf 83' lang='lat' dir='ltr'><strong>arbitror.</strong></span> <span class='ocrx_word' id='word_1_141' title='bbox 464 1945 579 2030; x_wconf 81' lang='lat' dir='ltr'><strong>Atque</strong></span> <span class='ocrx_word' id='word_1_142' title='bbox 611 1947 672 2012; x_wconf 92' lang='lat' dir='ltr'><strong>hac</strong></span> <span class='ocrx_word' id='word_1_143' title='bbox 702 1950 735 2012; x_wconf 94' lang='lat' dir='ltr'><strong>in</strong></span> <span class='ocrx_word' id='word_1_144' title='bbox 768 1965 804 2013; x_wconf 92' lang='lat' dir='ltr'><strong>re</strong></span> <span class='ocrx_word' id='word_1_145' title='bbox 833 1965 911 2012; x_wconf 92' lang='lat' dir='ltr'><strong>cum</strong></span> <span class='ocrx_word' id='word_1_146' title='bbox 943 1944 1174 2030; x_wconf 79' lang='lat' dir='ltr'><strong>Dindorfio⁵”)</strong></span> <span class='ocrx_word' id='word_1_147' title='bbox 1209 1945 1418 2031; x_wconf 87' lang='lat' dir='ltr'><strong>Burgesium</strong></span> 
     </span>
     <span class='ocr_line' id='line_1_22' title="bbox 24 2043 1418 2138; baseline 0.001 -21"><span class='ocrx_word' id='word_1_148' title='bbox 24 2043 45 2134; x_wconf 55' lang='lat' dir='ltr'><strong>‚f</strong></span> <span class='ocrx_word' id='word_1_149' title='bbox 135 2053 266 2138; x_wconf 80' lang='lat' dir='ltr'><strong>(adnot.</strong></span> <span class='ocrx_word' id='word_1_150' title='bbox 292 2055 333 2119; x_wconf 95' lang='lat' dir='ltr'><strong>ad</strong></span> <span class='ocrx_word' id='word_1_151' title='bbox 359 2052 478 2138; x_wconf 89' lang='lat' dir='ltr'><strong>Suppl.</strong></span> <span class='ocrx_word' id='word_1_152' title='bbox 507 2059 586 2119; x_wconf 90' lang='lat'>1821</span> <span class='ocrx_word' id='word_1_153' title='bbox 615 2072 647 2137; x_wconf 95' lang='lat' dir='ltr'><strong>p.</strong></span> <span class='ocrx_word' id='word_1_154' title='bbox 672 2053 729 2137; x_wconf 87' lang='lat'><strong>41)</strong></span> <span class='ocrx_word' id='word_1_155' title='bbox 754 2067 788 2119; x_wconf 91' lang='lat' dir='ltr'><strong>et</strong></span> <span class='ocrx_word' id='word_1_156' title='bbox 812 2050 988 2120; x_wconf 93' lang='lat' dir='ltr'><strong>Cobetum</strong></span> <span class='ocrx_word' id='word_1_157' title='bbox 1014 2067 1132 2117; x_wconf 91' lang='lat' dir='ltr'><strong>secuto</strong></span> <span class='ocrx_word' id='word_1_158' title='bbox 1155 2051 1372 2138; x_wconf 88' lang='lat' dir='ltr'><strong>(Philologus</strong></span> <span class='ocrx_word' id='word_1_159' title='bbox 1390 2073 1418 2119; x_wconf 92' lang='lat' dir='ltr'><strong>a.</strong></span> 
     </span>
     <span class='ocr_line' id='line_1_23' title="bbox 26 2158 1420 2244; baseline 0 -19"><span class='ocrx_word' id='word_1_160' title='bbox 26 2169 49 2243; x_wconf 67' lang='lat' dir='ltr'><strong>Ji</strong></span> <span class='ocrx_word' id='word_1_161' title='bbox 141 2164 224 2225; x_wconf 85' lang='lat'>1862</span> <span class='ocrx_word' id='word_1_162' title='bbox 249 2161 317 2227; x_wconf 93' lang='lat' dir='ltr'><strong>vol.</strong></span> <span class='ocrx_word' id='word_1_163' title='bbox 347 2166 386 2225; x_wconf 91' lang='lat'><strong>18</strong></span> <span class='ocrx_word' id='word_1_164' title='bbox 410 2179 442 2244; x_wconf 95' lang='lat' dir='ltr'><strong>p.</strong></span> <span class='ocrx_word' id='word_1_165' title='bbox 468 2158 612 2243; x_wconf 86' lang='grc'>55-93)</span> <span class='ocrx_word' id='word_1_166' title='bbox 638 2163 703 2225; x_wconf 90' lang='lat' dir='ltr'><strong>iam</strong></span> <span class='ocrx_word' id='word_1_167' title='bbox 730 2178 869 2243; x_wconf 90' lang='lat' dir='ltr'><strong>semper</strong></span> <span class='ocrx_word' id='word_1_168' title='bbox 886 2176 1091 2243; x_wconf 90' lang='lat' dir='ltr'><strong>persuasum</strong></span> <span class='ocrx_word' id='word_1_169' title='bbox 1118 2158 1201 2223; x_wconf 92' lang='lat' dir='ltr'><strong>mihi</strong></span> <span class='ocrx_word' id='word_1_170' title='bbox 1231 2175 1303 2224; x_wconf 90' lang='lat' dir='ltr'><strong>erat</strong></span> <span class='ocrx_word' id='word_1_171' title='bbox 1326 2160 1420 2225; x_wconf 93' lang='lat' dir='ltr'><strong>codi-</strong></span> 
     </span>
     <span class='ocr_line' id='line_1_24' title="bbox 133 2265 1419 2352; baseline 0.001 -19.926"><span class='ocrx_word' id='word_1_172' title='bbox 133 2285 210 2332; x_wconf 89' lang='lat' dir='ltr'><strong>cem</strong></span> <span class='ocrx_word' id='word_1_173' title='bbox 242 2267 449 2348; x_wconf 90' lang='lat' dir='ltr'><strong>Mediceum,</strong></span> <span class='ocrx_word' id='word_1_174' title='bbox 481 2270 510 2332; x_wconf 90' lang='lat' dir='ltr'><strong>si</strong></span> <span class='ocrx_word' id='word_1_175' title='bbox 541 2286 620 2333; x_wconf 94' lang='lat' dir='ltr'><strong>eum</strong></span> <span class='ocrx_word' id='word_1_176' title='bbox 661 2270 919 2351; x_wconf 92' lang='lat' dir='ltr'><strong>comparaveris</strong></span> <span class='ocrx_word' id='word_1_177' title='bbox 958 2285 1034 2331; x_wconf 92' lang='lat' dir='ltr'><strong>cum</strong></span> <span class='ocrx_word' id='word_1_178' title='bbox 1070 2266 1145 2330; x_wconf 90' lang='lat' dir='ltr'><strong>aliis</strong></span> <span class='ocrx_word' id='word_1_179' title='bbox 1178 2265 1287 2347; x_wconf 88' lang='lat' dir='ltr'><strong>libris,</strong></span> <span class='ocrx_word' id='word_1_180' title='bbox 1319 2266 1419 2352; x_wconf 93' lang='lat' dir='ltr'><strong>longe</strong></span> 
     </span>
     <span class='ocr_line' id='line_1_25' title="bbox 52 2373 1420 2458; baseline 0.001 -18.986"><span class='ocrx_word' id='word_1_181' title='bbox 32 2398 60 2445; x_wconf 67' lang='lat'><em>2</em></span> <span class='ocrx_word' id='word_1_182' title='bbox 136 2377 472 2458; x_wconf 90' lang='lat' dir='ltr'><strong>praestantissimum</strong></span> <span class='ocrx_word' id='word_1_183' title='bbox 498 2393 587 2456; x_wconf 90' lang='lat' dir='ltr'><strong>esse,</strong></span> <span class='ocrx_word' id='word_1_184' title='bbox 605 2374 715 2439; x_wconf 93' lang='lat' dir='ltr'><strong>bonae</strong></span> <span class='ocrx_word' id='word_1_185' title='bbox 733 2377 851 2458; x_wconf 89' lang='lat' dir='ltr'><strong>utique</strong></span> <span class='ocrx_word' id='word_1_186' title='bbox 869 2388 968 2439; x_wconf 90' lang='lat' dir='ltr'><strong>notae</strong></span> <span class='ocrx_word' id='word_1_187' title='bbox 985 2373 1150 2453; x_wconf 88' lang='lat' dir='ltr'><strong>codicem,</strong></span> <span class='ocrx_word' id='word_1_188' title='bbox 1171 2374 1283 2456; x_wconf 91' lang='lat' dir='ltr'><strong>quoad</strong></span> <span class='ocrx_word' id='word_1_189' title='bbox 1302 2374 1420 2440; x_wconf 90' lang='lat' dir='ltr'><strong>arche·</strong></span> 
     </span>
     <span class='ocr_line' id='line_1_26' title="bbox 28 2467 1417 2571; baseline 0.001 -26"><span class='ocrx_word' id='word_1_190' title='bbox 28 2467 55 2571; x_wconf 90' lang='grc' dir='ltr'><strong> </strong></span> <span class='ocrx_word' id='word_1_191' title='bbox 137 2496 220 2565; x_wconf 93' lang='lat' dir='ltr'><strong>typo</strong></span> <span class='ocrx_word' id='word_1_192' title='bbox 245 2484 322 2565; x_wconf 92' lang='lat' dir='ltr'><strong>ipso</strong></span> <span class='ocrx_word' id='word_1_193' title='bbox 346 2500 515 2563; x_wconf 91' lang='lat' dir='ltr'><strong>caremus,</strong></span> <span class='ocrx_word' id='word_1_194' title='bbox 544 2497 645 2565; x_wconf 92' lang='lat' dir='ltr'><strong>atque</strong></span> <span class='ocrx_word' id='word_1_195' title='bbox 676 2500 800 2547; x_wconf 87' lang='lat' dir='ltr'><strong>verum</strong></span> <span class='ocrx_word' id='word_1_196' title='bbox 833 2499 921 2560; x_wconf 89' lang='lat' dir='ltr'><strong>esse,</strong></span> <span class='ocrx_word' id='word_1_197' title='bbox 952 2479 1045 2564; x_wconf 93' lang='lat' dir='ltr'><strong>quod</strong></span> <span class='ocrx_word' id='word_1_198' title='bbox 1076 2481 1141 2544; x_wconf 92' lang='lat' dir='ltr'><strong>iam</strong></span> <span class='ocrx_word' id='word_1_199' title='bbox 1176 2477 1311 2564; x_wconf 89' lang='lat' dir='ltr'><strong>Burges</strong></span> <span class='ocrx_word' id='word_1_200' title='bbox 1342 2479 1363 2545; x_wconf 94' lang='lat'><strong>1.</strong></span> <span class='ocrx_word' id='word_1_201' title='bbox 1396 2481 1417 2546; x_wconf 93' lang='lat'><strong>1.</strong></span> 
     </span>
     <span class='ocr_line' id='line_1_27' title="bbox 19 2572 1418 2669; baseline 0.001 -17"><span class='ocrx_word' id='word_1_202' title='bbox 19 2572 43 2657; x_wconf 62' lang='grc' dir='ltr'><em>Ᾰ</em></span> <span class='ocrx_word' id='word_1_203' title='bbox 132 2589 234 2669; x_wconf 87' lang='lat' dir='ltr'><strong>dixit,</strong></span> <span class='ocrx_word' id='word_1_204' title='bbox 258 2607 302 2652; x_wconf 88' lang='lat' dir='ltr'><strong>ex</strong></span> <span class='ocrx_word' id='word_1_205' title='bbox 327 2588 416 2654; x_wconf 88' lang='lat' dir='ltr'><strong>libro</strong></span> <span class='ocrx_word' id='word_1_206' title='bbox 440 2588 598 2654; x_wconf 89' lang='lat' dir='ltr'><strong>Medicco</strong></span> <span class='ocrx_word' id='word_1_207' title='bbox 623 2607 685 2653; x_wconf 91' lang='lat' dir='ltr'><strong>ceu</strong></span> <span class='ocrx_word' id='word_1_208' title='bbox 712 2587 805 2653; x_wconf 85' lang='lat' dir='ltr'><strong>fonte</strong></span> <span class='ocrx_word' id='word_1_209' title='bbox 829 2588 980 2653; x_wconf 90' lang='lat' dir='ltr'><strong>derivari</strong></span> <span class='ocrx_word' id='word_1_210' title='bbox 1005 2601 1139 2651; x_wconf 89' lang='lat' dir='ltr'><strong>ceteros</strong></span> <span class='ocrx_word' id='word_1_211' title='bbox 1163 2604 1286 2652; x_wconf 90' lang='lat' dir='ltr'><strong>omnes</strong></span> <span class='ocrx_word' id='word_1_212' title='bbox 1309 2586 1418 2653; x_wconf 90' lang='lat' dir='ltr'><strong>libros</strong></span> 
     </span>
     <span class='ocr_line' id='line_1_28' title="bbox 22 2682 1417 2783; baseline 0 -23"><span class='ocrx_word' id='word_1_213' title='bbox 22 2682 52 2783; x_wconf 55' lang='lat' dir='ltr'><em>J</em></span> <span class='ocrx_word' id='word_1_214' title='bbox 136 2698 392 2779; x_wconf 89' lang='lat' dir='ltr'><strong>manuscriptos</strong></span> <span class='ocrx_word' id='word_1_215' title='bbox 422 2698 456 2760; x_wconf 93' lang='lat' dir='ltr'><strong>in</strong></span> <span class='ocrx_word' id='word_1_216' title='bbox 487 2694 692 2760; x_wconf 91' lang='lat' dir='ltr'><strong>bibliotheca</strong></span> <span class='ocrx_word' id='word_1_217' title='bbox 722 2694 873 2779; x_wconf 93' lang='lat' dir='ltr'><strong>qualibet</strong></span> <span class='ocrx_word' id='word_1_218' title='bbox 901 2691 1125 2762; x_wconf 87' lang='lat' dir='ltr'><strong>adservatos.&#39;</strong></span> <span class='ocrx_word' id='word_1_219' title='bbox 1173 2690 1295 2775; x_wconf 91' lang='lat' dir='ltr'><strong>Quare</strong></span> <span class='ocrx_word' id='word_1_220' title='bbox 1323 2695 1417 2777; x_wconf 93' lang='lat' dir='ltr'><strong>quod</strong></span> 
     </span>
     <span class='ocr_line' id='line_1_29' title="bbox 136 2790 1415 2885; baseline 0.001 -20.826"><span class='ocrx_word' id='word_1_221' title='bbox 136 2799 250 2882; x_wconf 89' lang='lat' dir='ltr'><strong>Blass,</strong></span> <span class='ocrx_word' id='word_1_222' title='bbox 283 2803 390 2883; x_wconf 89' lang='lat' dir='ltr'><strong>judex</strong></span> <span class='ocrx_word' id='word_1_223' title='bbox 425 2803 547 2868; x_wconf 87' lang='lat' dir='ltr'><strong>harum</strong></span> <span class='ocrx_word' id='word_1_224' title='bbox 581 2790 697 2867; x_wconf 89' lang='lat' dir='ltr'><strong>rerum</strong></span> <span class='ocrx_word' id='word_1_225' title='bbox 730 2800 1024 2885; x_wconf 85' lang='lat' dir='ltr'><strong>locupletissimus</strong></span> <span class='ocrx_word' id='word_1_226' title='bbox 1050 2815 1082 2865; x_wconf 94' lang='lat' dir='ltr'><strong>et</strong></span> <span class='ocrx_word' id='word_1_227' title='bbox 1108 2803 1352 2884; x_wconf 69' lang='lat' dir='ltr'><strong>peritissimus</strong></span> <span class='ocrx_word' id='word_1_228' title='bbox 1382 2804 1415 2866; x_wconf 93' lang='lat' dir='ltr'><strong>in</strong></span> 
     </span>
     <span class='ocr_line' id='line_1_30' title="bbox 13 2896 1416 2993; baseline -0.003 -15"><span class='ocrx_word' id='word_1_229' title='bbox 13 2896 52 2987; x_wconf 61' lang='lat' dir='ltr'><strong>[ss&#39;</strong></span> <span class='ocrx_word' id='word_1_230' title='bbox 136 2911 327 2974; x_wconf 90' lang='lat' dir='ltr'><strong>novissima</strong></span> <span class='ocrx_word' id='word_1_231' title='bbox 364 2906 660 2993; x_wconf 88' lang='lat' dir='ltr'><strong>Choephororum</strong></span> <span class='ocrx_word' id='word_1_232' title='bbox 698 2909 847 2974; x_wconf 92' lang='lat' dir='ltr'><strong>editione</strong></span> <span class='ocrx_word' id='word_1_233' title='bbox 882 2907 997 2992; x_wconf 66' lang='lat'>(1906)</span> <span class='ocrx_word' id='word_1_234' title='bbox 1037 2907 1233 2972; x_wconf 89' lang='lat' dir='ltr'><strong>Mediceum</strong></span> <span class='ocrx_word' id='word_1_235' title='bbox 1276 2908 1416 2992; x_wconf 88' lang='lat' dir='ltr'><strong>plurimi</strong></span> 
     </span>
     <span class='ocr_line' id='line_1_31' title="bbox 134 3013 1416 3100; baseline -0.001 -19.087"><span class='ocrx_word' id='word_1_236' title='bbox 134 3019 301 3098; x_wconf 88' lang='lat' dir='ltr'><strong>aestimat,</strong></span> <span class='ocrx_word' id='word_1_237' title='bbox 331 3035 408 3081; x_wconf 93' lang='lat' dir='ltr'><strong>cum</strong></span> <span class='ocrx_word' id='word_1_238' title='bbox 442 3016 548 3082; x_wconf 89' lang='lat' dir='ltr'><strong>multa</strong></span> <span class='ocrx_word' id='word_1_239' title='bbox 579 3034 657 3081; x_wconf 91' lang='lat' dir='ltr'><strong>eum</strong></span> <span class='ocrx_word' id='word_1_240' title='bbox 689 3018 865 3082; x_wconf 92' lang='lat' dir='ltr'><strong>continere</strong></span> <span class='ocrx_word' id='word_1_241' title='bbox 890 3016 979 3080; x_wconf 92' lang='lat' dir='ltr'><strong>dicat</strong></span> <span class='ocrx_word' id='word_1_242' title='bbox 1003 3033 1086 3080; x_wconf 91' lang='lat' dir='ltr'><strong>vere</strong></span> <span class='ocrx_word' id='word_1_243' title='bbox 1117 3013 1416 3100; x_wconf 68' lang='lat' dir='ltr'><strong>Alexandrinalvl</strong></span> 
     </span>
     <span class='ocr_line' id='line_1_32' title="bbox 135 3114 1417 3208; baseline -0.006 -12.764"><span class='ocrx_word' id='word_1_244' title='bbox 135 3121 235 3187; x_wconf 93' lang='lat' dir='ltr'><strong>valde</strong></span> <span class='ocrx_word' id='word_1_245' title='bbox 260 3126 400 3208; x_wconf 91' lang='lat' dir='ltr'><strong>gavisus</strong></span> <span class='ocrx_word' id='word_1_246' title='bbox 425 3141 502 3188; x_wconf 92' lang='lat' dir='ltr'><strong>sum</strong></span> <span class='ocrx_word' id='word_1_247' title='bbox 527 3141 638 3207; x_wconf 91' lang='lat' dir='ltr'><strong>eoque</strong></span> <span class='ocrx_word' id='word_1_248' title='bbox 664 3114 770 3208; x_wconf 88' lang='lat' dir='ltr'><strong>magis</strong></span> <span class='ocrx_word' id='word_1_249' title='bbox 795 3123 907 3203; x_wconf 92' lang='lat' dir='ltr'><strong>doleo,</strong></span> <span class='ocrx_word' id='word_1_250' title='bbox 932 3122 1025 3206; x_wconf 86' lang='lat' dir='ltr'><strong>quo&#39;d</strong></span> <span class='ocrx_word' id='word_1_251' title='bbox 1051 3137 1099 3188; x_wconf 94' lang='lat' dir='ltr'><strong>tot</strong></span> <span class='ocrx_word' id='word_1_252' title='bbox 1123 3123 1274 3187; x_wconf 89' lang='lat' dir='ltr'><strong>editores</strong></span> <span class='ocrx_word' id='word_1_253' title='bbox 1299 3141 1417 3188; x_wconf 88' lang='lat' dir='ltr'><strong>recen-</strong></span> 
     </span>
     <span class='ocr_line' id='line_1_33' title="bbox 7 3226 1415 3328; baseline 0.001 -34"><span class='ocrx_word' id='word_1_254' title='bbox 7 3243 40 3328; x_wconf 39' lang='lat' dir='ltr'><strong>gs</strong></span> <span class='ocrx_word' id='word_1_255' title='bbox 133 3231 241 3294; x_wconf 86' lang='lat' dir='ltr'><strong>tiores</strong></span> <span class='ocrx_word' id='word_1_256' title='bbox 272 3244 417 3313; x_wconf 86' lang='lat' dir='ltr'><strong>excepto</strong></span> <span class='ocrx_word' id='word_1_257' title='bbox 447 3228 619 3295; x_wconf 91' lang='lat' dir='ltr'><strong>Verrallio</strong></span> <span class='ocrx_word' id='word_1_258' title='bbox 651 3229 745 3313; x_wconf 88' lang='lat' dir='ltr'><strong>(vide</strong></span> <span class='ocrx_word' id='word_1_259' title='bbox 778 3231 1003 3295; x_wconf 90' lang='lat' dir='ltr'><strong>novissimam</strong></span> <span class='ocrx_word' id='word_1_260' title='bbox 1036 3231 1111 3310; x_wconf 84' lang='lat' dir='ltr'><strong>ejus</strong></span> <span class='ocrx_word' id='word_1_261' title='bbox 1143 3226 1415 3313; x_wconf 79' lang='lat' dir='ltr'><strong>Agamemnonis</strong></span> 
     </span>
     <span class='ocr_line' id='line_1_34' title="bbox 135 3314 1415 3421; baseline -0.001 -19.09"><span class='ocrx_word' id='word_1_262' title='bbox 135 3337 321 3401; x_wconf 91' lang='lat' dir='ltr'><strong>editionem</strong></span> <span class='ocrx_word' id='word_1_263' title='bbox 342 3355 370 3400; x_wconf 92' lang='lat' dir='ltr'><strong>a.</strong></span> <span class='ocrx_word' id='word_1_264' title='bbox 392 3335 489 3421; x_wconf 80' lang='lat'>1904)</span> <span class='ocrx_word' id='word_1_265' title='bbox 507 3338 667 3421; x_wconf 88' lang='lat' dir='ltr'><strong>plurimis</strong></span> <span class='ocrx_word' id='word_1_266' title='bbox 684 3339 891 3417; x_wconf 84' lang='lat' dir='ltr'><strong>conjecturis</strong></span> <span class='ocrx_word' id='word_1_267' title='bbox 917 3339 950 3400; x_wconf 96' lang='lat' dir='ltr'><strong>in</strong></span> <span class='ocrx_word' id='word_1_268' title='bbox 977 3314 1108 3401; x_wconf 81' lang='lat' dir='ltr'><strong>textum</strong></span> <span class='ocrx_word' id='word_1_269' title='bbox 1127 3337 1240 3419; x_wconf 89' lang='lat' dir='ltr'><strong>ipsum</strong></span> <span class='ocrx_word' id='word_1_270' title='bbox 1268 3339 1415 3419; x_wconf 88' lang='lat' dir='ltr'><strong>receptis</strong></span> 
     </span>
     <span class='ocr_line' id='line_1_35' title="bbox 137 3441 1413 3527; baseline 0.001 -20.819"><span class='ocrx_word' id='word_1_271' title='bbox 137 3441 261 3507; x_wconf 89' lang='lat' dir='ltr'><strong>multas</strong></span> <span class='ocrx_word' id='word_1_272' title='bbox 286 3442 433 3509; x_wconf 89' lang='lat' dir='ltr'><strong>Medicei</strong></span> <span class='ocrx_word' id='word_1_273' title='bbox 460 3443 624 3509; x_wconf 89' lang='lat' dir='ltr'><strong>lectiones</strong></span> <span class='ocrx_word' id='word_1_274' title='bbox 649 3443 757 3509; x_wconf 90' lang='lat' dir='ltr'><strong>bonas</strong></span> <span class='ocrx_word' id='word_1_275' title='bbox 782 3443 1003 3527; x_wconf 88' lang='lat' dir='ltr'><strong>expulerunt,</strong></span> <span class='ocrx_word' id='word_1_276' title='bbox 1028 3443 1062 3506; x_wconf 96' lang='lat' dir='ltr'><strong>id</strong></span> <span class='ocrx_word' id='word_1_277' title='bbox 1094 3443 1187 3525; x_wconf 92' lang='lat' dir='ltr'><strong>quod</strong></span> <span class='ocrx_word' id='word_1_278' title='bbox 1217 3441 1413 3526; x_wconf 89' lang='lat' dir='ltr'><strong>singillatim</strong></span> 
     </span>
     <span class='ocr_line' id='line_1_36' title="bbox 8 3543 1415 3634; baseline 0.001 -21"><span class='ocrx_word' id='word_1_279' title='bbox 8 3543 52 3630; x_wconf 48' lang='lat'><strong>(5⁷⁴³</strong></span> <span class='ocrx_word' id='word_1_280' title='bbox 134 3550 374 3614; x_wconf 88' lang='lat' dir='ltr'><strong>demonstrare</strong></span> <span class='ocrx_word' id='word_1_281' title='bbox 405 3550 509 3631; x_wconf 91' lang='lat' dir='ltr'><strong>hujus</strong></span> <span class='ocrx_word' id='word_1_282' title='bbox 540 3565 573 3615; x_wconf 91' lang='lat' dir='ltr'><strong>et</strong></span> <span class='ocrx_word' id='word_1_283' title='bbox 601 3553 805 3634; x_wconf 87' lang='lat' dir='ltr'><strong>posterioris</strong></span> <span class='ocrx_word' id='word_1_284' title='bbox 834 3549 939 3614; x_wconf 94' lang='lat' dir='ltr'><strong>libelli</strong></span> <span class='ocrx_word' id='word_1_285' title='bbox 969 3552 1033 3614; x_wconf 88' lang='lat' dir='ltr'><strong>erit</strong></span> <span class='ocrx_word' id='word_1_286' title='bbox 1062 3566 1174 3631; x_wconf 90' lang='lat' dir='ltr'><strong>neque</strong></span> <span class='ocrx_word' id='word_1_287' title='bbox 1199 3549 1290 3613; x_wconf 90' lang='lat' dir='ltr'><strong>aliud</strong></span> <span class='ocrx_word' id='word_1_288' title='bbox 1316 3551 1415 3631; x_wconf 91' lang='lat' dir='ltr'><strong>quid-</strong></span> 
     </span>
     <span class='ocr_line' id='line_1_37' title="bbox 5 3651 1413 3741; baseline 0.002 -22"><span class='ocrx_word' id='word_1_289' title='bbox 5 3665 9 3674; x_wconf 85' lang='grc'><strong>’</strong></span> <span class='ocrx_word' id='word_1_290' title='bbox 130 3673 248 3739; x_wconf 90' lang='lat' dir='ltr'><strong>quam.</strong></span> <span class='ocrx_word' id='word_1_291' title='bbox 297 3655 384 3720; x_wconf 89' lang='lat' dir='ltr'><strong>Nam</strong></span> <span class='ocrx_word' id='word_1_292' title='bbox 411 3671 543 3722; x_wconf 87' lang='lat' dir='ltr'><strong>textum</strong></span> <span class='ocrx_word' id='word_1_293' title='bbox 570 3659 683 3740; x_wconf 92' lang='lat' dir='ltr'><strong>ipsum</strong></span> <span class='ocrx_word' id='word_1_294' title='bbox 702 3657 886 3722; x_wconf 90' lang='lat' dir='ltr'><strong>emendare</strong></span> <span class='ocrx_word' id='word_1_295' title='bbox 903 3658 1041 3732; x_wconf 82' lang='lat' dir='ltr'><strong>,criticis</strong></span> <span class='ocrx_word' id='word_1_296' title='bbox 1059 3657 1227 3736; x_wconf 92' lang='lat' dir='ltr'><strong>majorum</strong></span> <span class='ocrx_word' id='word_1_297' title='bbox 1249 3651 1413 3741; x_wconf 89' lang='lat' dir='ltr'><strong>gentium’</strong></span> 
     </span>
     <span class='ocr_line' id='line_1_38' title="bbox 134 3762 1414 3847; baseline 0.003 -21"><span class='ocrx_word' id='word_1_298' title='bbox 134 3762 400 3847; x_wconf 88' lang='lat' dir='ltr'><strong>relinquendum</strong></span> <span class='ocrx_word' id='word_1_299' title='bbox 427 3777 527 3847; x_wconf 90' lang='lat' dir='ltr'><strong>puto;</strong></span> <span class='ocrx_word' id='word_1_300' title='bbox 553 3783 667 3828; x_wconf 92' lang='lat' dir='ltr'><strong>meum</strong></span> <span class='ocrx_word' id='word_1_301' title='bbox 695 3767 759 3829; x_wconf 93' lang='lat' dir='ltr'><strong>erit</strong></span> <span class='ocrx_word' id='word_1_302' title='bbox 784 3764 895 3829; x_wconf 90' lang='lat' dir='ltr'><strong>solum</strong></span> <span class='ocrx_word' id='word_1_303' title='bbox 922 3765 1140 3845; x_wconf 88' lang='lat' dir='ltr'><strong>interpretari</strong></span> <span class='ocrx_word' id='word_1_304' title='bbox 1177 3764 1271 3828; x_wconf 91' lang='lat' dir='ltr'><strong>locos</strong></span> <span class='ocrx_word' id='word_1_305' title='bbox 1307 3764 1414 3830; x_wconf 90' lang='lat' dir='ltr'><strong>ambi-</strong></span> 
     </span>
     <span class='ocr_line' id='line_1_39' title="bbox 130 3869 1412 3953; baseline 0.002 -20"><span class='ocrx_word' id='word_1_306' title='bbox 130 3887 219 3953; x_wconf 91' lang='lat' dir='ltr'><strong>guos</strong></span> <span class='ocrx_word' id='word_1_307' title='bbox 244 3883 277 3936; x_wconf 90' lang='lat' dir='ltr'><strong>et</strong></span> <span class='ocrx_word' id='word_1_308' title='bbox 302 3870 409 3935; x_wconf 90' lang='lat' dir='ltr'><strong>bonas</strong></span> <span class='ocrx_word' id='word_1_309' title='bbox 426 3869 573 3936; x_wconf 89' lang='lat' dir='ltr'><strong>Medicei</strong></span> <span class='ocrx_word' id='word_1_310' title='bbox 598 3874 787 3953; x_wconf 88' lang='lat' dir='ltr'><strong>scripturas</strong></span> <span class='ocrx_word' id='word_1_311' title='bbox 804 3889 821 3935; x_wconf 90' lang='lat' dir='ltr'><strong>a</strong></span> <span class='ocrx_word' id='word_1_312' title='bbox 840 3874 1070 3936; x_wconf 91' lang='lat' dir='ltr'><strong>recentiorum</strong></span> <span class='ocrx_word' id='word_1_313' title='bbox 1089 3871 1296 3951; x_wconf 91' lang='lat' dir='ltr'><strong>conjecturis</strong></span> <span class='ocrx_word' id='word_1_314' title='bbox 1314 3875 1412 3937; x_wconf 90' lang='lat' dir='ltr'><strong>tueri.</strong></span> 
     </span>
     <span class='ocr_line' id='line_1_40' title="bbox 134 3974 1414 4061; baseline 0 -19"><span class='ocrx_word' id='word_1_315' title='bbox 134 3974 292 4042; x_wconf 92' lang='lat' dir='ltr'><strong>Omnino</strong></span> <span class='ocrx_word' id='word_1_316' title='bbox 317 3975 381 4043; x_wconf 93' lang='lat' dir='ltr'><strong>hoc</strong></span> <span class='ocrx_word' id='word_1_317' title='bbox 408 3992 508 4042; x_wconf 91' lang='lat' dir='ltr'><strong>teneo</strong></span> <span class='ocrx_word' id='word_1_318' title='bbox 532 3979 614 4042; x_wconf 91' lang='lat' dir='ltr'><strong>artis</strong></span> <span class='ocrx_word' id='word_1_319' title='bbox 640 3980 775 4042; x_wconf 89' lang='lat' dir='ltr'><strong>criticae</strong></span> <span class='ocrx_word' id='word_1_320' title='bbox 799 3981 896 4061; x_wconf 91' lang='lat' dir='ltr'><strong>quasi</strong></span> <span class='ocrx_word' id='word_1_321' title='bbox 921 3977 1069 4043; x_wconf 88' lang='lat' dir='ltr'><strong>cultrum</strong></span> <span class='ocrx_word' id='word_1_322' title='bbox 1097 3995 1165 4041; x_wconf 92' lang='lat' dir='ltr'><strong>non</strong></span> <span class='ocrx_word' id='word_1_323' title='bbox 1196 3979 1294 4059; x_wconf 92' lang='lat' dir='ltr'><strong>prius</strong></span> <span class='ocrx_word' id='word_1_324' title='bbox 1318 3977 1414 4042; x_wconf 92' lang='lat' dir='ltr'><strong>adhi-</strong></span> 
     </span>
     <span class='ocr_line' id='line_1_41' title="bbox 5 4082 1413 4169; baseline 0.001 -22"><span class='ocrx_word' id='word_1_325' title='bbox 5 4151 16 4158; x_wconf 53' lang='grc'><strong>,,</strong></span> <span class='ocrx_word' id='word_1_326' title='bbox 133 4082 285 4147; x_wconf 92' lang='lat' dir='ltr'><strong>bendum</strong></span> <span class='ocrx_word' id='word_1_327' title='bbox 310 4103 387 4148; x_wconf 88' lang='lat' dir='ltr'><strong>esse</strong></span> <span class='ocrx_word' id='word_1_328' title='bbox 412 4102 514 4167; x_wconf 92' lang='lat' dir='ltr'><strong>quam</strong></span> <span class='ocrx_word' id='word_1_329' title='bbox 541 4083 653 4149; x_wconf 92' lang='lat' dir='ltr'><strong>locum</strong></span> <span class='ocrx_word' id='word_1_330' title='bbox 678 4083 878 4165; x_wconf 88' lang='lat' dir='ltr'><strong>obscurum,</strong></span> <span class='ocrx_word' id='word_1_331' title='bbox 904 4099 1085 4169; x_wconf 90' lang='lat' dir='ltr'><strong>postquam</strong></span> <span class='ocrx_word' id='word_1_332' title='bbox 1120 4103 1235 4149; x_wconf 92' lang='lat' dir='ltr'><strong>rerum</strong></span> <span class='ocrx_word' id='word_1_333' title='bbox 1268 4103 1305 4149; x_wconf 90' lang='lat' dir='ltr'><strong>ac</strong></span> <span class='ocrx_word' id='word_1_334' title='bbox 1335 4103 1413 4149; x_wconf 91' lang='lat' dir='ltr'><strong>sen-</strong></span> 
     </span>
     <span class='ocr_line' id='line_1_42' title="bbox 5 4179 1411 4274; baseline -0.003 -14"><span class='ocrx_word' id='word_1_335' title='bbox 5 4179 29 4260; x_wconf 51' lang='lat'><strong>·2&#39;52</strong></span> <span class='ocrx_word' id='word_1_336' title='bbox 133 4191 315 4254; x_wconf 91' lang='lat' dir='ltr'><strong>tentiarum</strong></span> <span class='ocrx_word' id='word_1_337' title='bbox 342 4209 512 4254; x_wconf 86' lang='lat' dir='ltr'><strong>conexum</strong></span> <span class='ocrx_word' id='word_1_338' title='bbox 548 4193 671 4258; x_wconf 87' lang='lat' dir='ltr'><strong>acriter</strong></span> <span class='ocrx_word' id='word_1_339' title='bbox 702 4191 953 4274; x_wconf 87' lang='lat' dir='ltr'><strong>exploraveris,</strong></span> <span class='ocrx_word' id='word_1_340' title='bbox 982 4209 1084 4274; x_wconf 91' lang='lat' dir='ltr'><strong>quam</strong></span> <span class='ocrx_word' id='word_1_341' title='bbox 1117 4191 1287 4274; x_wconf 89' lang='lat' dir='ltr'><strong>plurimos</strong></span> <span class='ocrx_word' id='word_1_342' title='bbox 1317 4193 1411 4256; x_wconf 90' lang='lat' dir='ltr'><strong>locos</strong></span> 
     </span>
     <span class='ocr_line' id='line_1_43' title="bbox 132 4295 1410 4382; baseline 0.002 -22"><span class='ocrx_word' id='word_1_343' title='bbox 132 4296 262 4362; x_wconf 89' lang='lat' dir='ltr'><strong>similes</strong></span> <span class='ocrx_word' id='word_1_344' title='bbox 299 4296 578 4380; x_wconf 88' lang='lat' dir='ltr'><strong>perlustraveris,</strong></span> <span class='ocrx_word' id='word_1_345' title='bbox 614 4316 691 4363; x_wconf 93' lang='lat' dir='ltr'><strong>cum</strong></span> <span class='ocrx_word' id='word_1_346' title='bbox 724 4301 879 4363; x_wconf 92' lang='lat' dir='ltr'><strong>universi</strong></span> <span class='ocrx_word' id='word_1_347' title='bbox 910 4299 1060 4382; x_wconf 91' lang='lat' dir='ltr'><strong>denique</strong></span> <span class='ocrx_word' id='word_1_348' title='bbox 1086 4295 1213 4364; x_wconf 88' lang='lat' dir='ltr'><strong>Graeci</strong></span> <span class='ocrx_word' id='word_1_349' title='bbox 1238 4300 1410 4363; x_wconf 91' lang='lat' dir='ltr'><strong>sermonis</strong></span> 
     </span>
     <span class='ocr_line' id='line_1_44' title="bbox 133 4402 1411 4497; baseline 0.002 -31"><span class='ocrx_word' id='word_1_350' title='bbox 133 4421 233 4468; x_wconf 92' lang='lat' dir='ltr'><strong>usum</strong></span> <span class='ocrx_word' id='word_1_351' title='bbox 260 4418 331 4469; x_wconf 90' lang='lat' dir='ltr'><strong>tum</strong></span> <span class='ocrx_word' id='word_1_352' title='bbox 358 4402 572 4487; x_wconf 87' lang='lat' dir='ltr'><strong>Aeschyleae</strong></span> <span class='ocrx_word' id='word_1_353' title='bbox 595 4405 756 4497; x_wconf 90' lang='lat' dir='ltr'><strong>dictionis</strong></span> <span class='ocrx_word' id='word_1_354' title='bbox 774 4408 1017 4488; x_wconf 85' lang='lat' dir='ltr'><strong>proprietatem</strong></span> <span class='ocrx_word' id='word_1_355' title='bbox 1044 4406 1105 4470; x_wconf 95' lang='lat' dir='ltr'><strong>hac</strong></span> <span class='ocrx_word' id='word_1_356' title='bbox 1131 4407 1163 4469; x_wconf 93' lang='lat' dir='ltr'><strong>in</strong></span> <span class='ocrx_word' id='word_1_357' title='bbox 1183 4423 1220 4470; x_wconf 94' lang='lat' dir='ltr'><strong>re</strong></span> <span class='ocrx_word' id='word_1_358' title='bbox 1237 4407 1411 4469; x_wconf 87' lang='lat' dir='ltr'><strong>examina-</strong></span> 
     </span>
     <span class='ocr_line' id='line_1_45' title="bbox 132 4509 1408 4596; baseline 0.002 -23"><span class='ocrx_word' id='word_1_359' title='bbox 132 4513 236 4590; x_wconf 91' lang='lat' dir='ltr'><strong>veris,</strong></span> <span class='ocrx_word' id='word_1_360' title='bbox 268 4510 432 4594; x_wconf 86' lang='lat' dir='ltr'><strong>explicari</strong></span> <span class='ocrx_word' id='word_1_361' title='bbox 463 4510 532 4575; x_wconf 92' lang='lat' dir='ltr'><strong>ullo</strong></span> <span class='ocrx_word' id='word_1_362' title='bbox 562 4512 664 4577; x_wconf 94' lang='lat' dir='ltr'><strong>modo</strong></span> <span class='ocrx_word' id='word_1_363' title='bbox 693 4531 796 4596; x_wconf 90' lang='lat' dir='ltr'><strong>posse</strong></span> <span class='ocrx_word' id='word_1_364' title='bbox 828 4513 1080 4594; x_wconf 87' lang='lat' dir='ltr'><strong>desperaveris.</strong></span> <span class='ocrx_word' id='word_1_365' title='bbox 1131 4510 1230 4577; x_wconf 91' lang='lat' dir='ltr'><strong>Hanc</strong></span> <span class='ocrx_word' id='word_1_366' title='bbox 1259 4509 1303 4576; x_wconf 94' lang='lat' dir='ltr'><strong>ob</strong></span> <span class='ocrx_word' id='word_1_367' title='bbox 1335 4529 1408 4576; x_wconf 92' lang='lat' dir='ltr'><strong>rem</strong></span> 
     </span>
    </p>
   </div>
   <div class='ocr_carea' id='block_1_5' title="bbox 23 283 28 534">
    <p class='ocr_par' dir='ltr' id='par_1_5' title="bbox 23 283 28 540">
     <span class='ocr_line' id='line_1_46' title="bbox 25 283 28 376; baseline 0 0"><span class='ocrx_word' id='word_1_368' title='bbox 25 283 28 376; x_wconf 76' lang='lat' dir='ltr'><strong>t</strong></span> 
     </span>
     <span class='ocr_line' id='line_1_47' title="bbox 23 388 27 534; baseline 0 0"><span class='ocrx_word' id='word_1_369' title='bbox 23 388 27 534; x_wconf 88' lang='lat' dir='ltr'><strong>l</strong></span> 
     </span>
    </p>
   </div>
   <div class='ocr_carea' id='block_1_6' title="bbox 0 0 1612 5040">
    <p class='ocr_par' dir='ltr' id='par_1_6' title="bbox 0 0 1612 5040">
     <span class='ocr_line' id='line_1_48' title="bbox 0 0 1612 5040; baseline 0 4"><span class='ocrx_word' id='word_1_370' title='bbox 0 0 1612 5040; x_wconf 95' lang='lat' dir='ltr'><strong> </strong></span> 
     </span>
    </p>
   </div>
  </div>
 </body>
</html>
