3216 5040
731 249 889 300 *ff-

168 422 200 487 p.
225 403 291 466 226
315 396 474 478 affirmat,
500 395 604 461 multa
629 395 706 462 illos
735 396 778 460 de
803 391 968 478 Aeschyli
1000 407 1072 459 arte
1102 392 1276 479 eleganter
1307 408 1341 460 et
1371 387 1452 460 sub-

169 508 272 574 tiliter
297 502 492 588 (1111111161),
517 504 616 584 cujus
649 503 698 567 rei
728 499 942 584 praeclarum
975 500 1175 584 exemplum
1208 501 1377 567 scholium
1409 501 1451 566 ad

169 615 271 680 Eum.
297 631 330 677 ν.
348 617 370 676 1
398 608 594 693 (Wecklein
620 608 682 673 ed:
705 597 789 672 1885
814 625 846 690 p.
875 605 954 691 411)
986 606 1069 672 mihi
1101 607 1241 673 videtur
1271 626 1360 688 esse,
1393 607 1450 673 ubi

169 720 355 786 scholiasta
407 731 498 782 recte
549 717 760 799 optimorum
802 712 968 798 Aeschyli
1015 714 1239 798 prologorum
1296 717 1452 809 proprie-

171 840 271 894 tatem
298 821 507 909 significata
531 820 763 888 deterioribus
790 820 965 904 Euripidis
990 821 1143 905 prologis
1168 821 1450 905 diversorum.⁶⁶)

240 953 243 958 ’
260 949 337 1015 1111
358 962 536 1032 postremo
553 947 680 1012 addere
698 944 801 1029 velim
822 943 1036 1029 Aeschylum
1054 948 1183 1030 quippe
1207 960 1343 1029 poetam
1368 965 1451 1012 vere

166 1056 367 1124 bacchicum
380 1053 487 1137 (recte
498 1055 599 1119 etiam
610 1052 653 1124 ab
666 1050 899 1135 Aristophane
916 1051 1000 1116 Ran.
1016 1035 1100 1116 1259
1110 1052 1317 1136 appellatum
1331 1068 1451 1139 βακχεῖον

170 1162 281 1248 artata)
295 1181 363 1228 non
378 1160 619 1244 explicandum
635 1177 713 1238 esse
726 1157 834 1223 solius
848 1161 1086 1242 grammaticae
1098 1160 1274 1225 eteriticae
1284 1161 1451 1244 artisope,

169 1289 257 1356 quas
283 1267 543 1333 fundamentum
571 1284 709 1349 semper
743 1267 1037 1349 interpretationis
1069 1285 1147 1331 esse
1178 1266 1306 1331 debere
1336 1269 1451 1350 negari

170 1395 240 1442 non
265 1389 388 1460 potest,
417 1374 478 1439 sed
510 1393 578 1439 non
611 1363 773 1439 sufficere
806 1375 899 1456 ipsas
933 1391 995 1457 per
1026 1391 1063 1438 se
1097 1373 1357 1486 yoncedendum
1390 1388 1451 1439 111.

174 1483 247 1549 1111
265 1486 297 1549 11
321 1501 368 1562 11,
384 1496 420 1546 11
434 1481 518 1546 11111
535 1483 701 1560 omittam,
716 1481 887 1563 imprimis
906 1476 1106 1545 Guilelmus
1125 1478 1279 1545 Dindorl
1292 1498 1453 1564 peccasse

171 1589 253 1655 mihi
278 1589 428 1669 videtur,
454 1590 556 1653 nimis
582 1590 615 1652 in
642 1569 818 1670 Aeschylo
847 1585 1052 1670 explicando
1084 1586 1180 1652 solus
1210 1589 1452 1671 grammaticus

170 1711 204 1761 et
228 1698 378 1761 criticus.
427 1693 603 1760 Accedere
628 1708 764 1777 oportet
788 1707 824 1759 ut
849 1695 882 1758 in
908 1695 1101 1758 dramatum
1127 1708 1226 1776 poeta
1260 1696 1360 1759 etiam
1394 1712 1454 1760 ex-

169 1803 388 1886 plicationem
414 1800 706 1885 psychologicam,
731 1819 833 1885 quam
852 1799 1082 1866 Wilamowitz
1104 1803 1236 1883 optimo
1263 1815 1390 1865 eventu
1414 1803 1449 1864 in

170 1907 467 1992 Choephororum
494 1909 645 1973 editione
662 1904 705 1991 (a.
726 1905 822 1990 1896)
847 1925 925 1972 cum
952 1907 1068 1973 multis
1087 1889 1178 1973 'locis
1202 1906 1358 1971 adhibuit
1380 1921 1450 1971 tum

171 2019 206 2080 in
232 2033 333 2080 scena
358 2013 424 2094 illa,
450 2014 507 2079 ubi
534 2013 667 2078 Electra
692 2013 734 2078 ad
767 2012 936 2079 tumulum
971 1999 1078 2097 patris
1111 2010 1285 2098 paullatim
1312 2010 1452 2078 Orestis

173 2120 287 2187 fratris
305 2124 447 2205 vestigia
465 2123 629 2205 agnoscit,
654 2138 756 2205 quam
776 2118 909 2186 iabulae
927 2134 1058 2204 partem
1078 2119 1301 2186 Aristotelem
1320 2119 1363 2184 de
1380 2132 1452 2186 arte

171 2244 260 2313 poet.
274 2232 322 2308 16,
333 2226 602 2312 Aristophanem
616 2226 708 2321 Nub.
717 2231 793 2308 536,
804 2225 1004 2310 Euripidem
1015 2225 1064 2311 (in
1076 2225 1223 2309 Electra)
1235 2228 1342 2292 secuti
1355 2225 1452 2292 multi

170 2337 381 2416 recentiores
395 2335 491 2400 velut
509 2331 633 2401 Christ
649 2353 682 2418 p.
700 2331 813 2418 221⁶⁷l
835 2336 1008 2401 immerito
1028 2337 1327 2419 vituperaverunt,
1346 2336 1452 2398 immo

170 2445 345 2526 optimam
369 2460 446 2507 esse
478 2443 653 2525 animique
683 2440 823 2505 humani
856 2456 997 2507 naturae
1026 2441 1315 2506 accommodatam
1348 2439 1454 2506 Wila-

171 2552 308 2614 mowitz
333 2548 354 2642 l.
380 2548 400 2613 l.
426 2567 458 2632 p.
488 2552 549 2613 169
573 2566 649 2631 sqq.
673 2548 774 2614 111111
798 2551 1010 2632 argumentis
1034 2545 1330 2631 comprobavit.⁶⁸)
1379 2545 1454 2630 Op-

173 2657 253 2720 time
288 2655 380 2732 idem
417 2653 511 2740 (edit.
543 2652 705 2739 Choeph.
741 2659 826 2720 1896
857 2674 889 2738 p.
927 2651 1001 2738 148)
1032 2667 1149 2720 monet
1173 2657 1294 2738 poesin
1320 2654 1454 2718 drama-

174 2775 244 2827 tum
270 2779 466 2829 sermonem
499 2781 618 2828 eorum
656 2780 743 2842 esse,
772 2764 831 2846 qui
862 2775 975 2846 agunt,
1006 2780 1074 2826 non
1105 2764 1207 2845 igitur
1239 2779 1359 2826 eorum
1393 2763 1451 2843 qui

173 2869 392 2950 meditantur,
424 2887 490 2953 qua
521 2851 715 2953 cognitione
745 2871 778 2935 in
813 2866 989 2952 Aeschylo
1021 2867 1171 2933 adhibita
1196 2866 1333 2932 Verrall
1365 2866 1452 2932 bene

172 2975 215 3040 de
241 2988 340 3058 poeta
366 2989 486 3042 nostro
511 2977 657 3042 meritus
689 2974 836 3060 1111169)
884 2974 921 3040 Id
955 2977 1180 3059 respicientes
1210 2972 1357 3039 fortasse
1388 2974 1453 3040 hoc

171 3081 227 3147 vel
255 3080 337 3147 illud
358 3096 566 3162 ‚donatiouem
586 3083 678 3166 quod
706 3082 857 3147 editores
884 3085 987 3147 nimis
1012 3081 1171 3147 celeriter
1196 3079 1452 3164 expoliverunt,

173 3190 450 3254 conservandum
476 3188 730 3273 psychologicis
754 3189 797 3254 de
821 3192 934 3275 causis
959 3208 1037 3254 esse
1061 3187 1292 3254 censebimus.

261 3295 491 3362 Wilamowitz
516 3311 628 3361 autem
656 3295 720 3360 hoc
743 3313 882 3379 quoque
908 3314 972 3360 suo
997 3298 1107 3379 ipsius
1131 3293 1294 3378 exemplo
1326 3294 1452 3375 docuit,

174 3404 239 3466 nisi
265 3398 482 3467 Graecorum
516 3405 574 3486 qui
607 3400 772 3485 Aeschyli
804 3402 1020 3487 temporibus
1051 3415 1148 3468 erant
1177 3400 1378 3486 religionem
1410 3400 1451 3464 ab

174 3507 320 3575 Homeri
345 3509 491 3574 deorum
517 3511 679 3593 opinione
704 3509 890 3589 diversam,
916 3507 1056 3574 Pindari
1078 3507 1342 3594 cogitationibus
1359 3509 1454 3571 simi-

172 3613 238 3680 lem
275 3630 377 3698 atque
412 3617 510 3698 quasi
548 3616 782 3699 metaphysica
815 3613 981 3700 Aeschyli
1015 3619 1125 3700 ipsius
1156 3616 1453 3700 perspexerimus,

172 3721 263 3787 hunc
300 3737 367 3787 tam
405 3720 568 3804 profundi
605 3725 709 3789 animi
746 3725 873 3804 virum,
909 3741 1012 3806 quem
1051 3736 1142 3788 recte
1173 3720 1331 3806 (Orestie
1369 3724 1453 3785 1900

172 3848 203 3913 p.
229 3826 347 3912 31370)
373 3828 671 3913 religiosissimum
699 3828 845 3896 iortasse
878 3826 1095 3896 Graecorum
1128 3844 1263 3913 poetam
1295 3826 1453 3912 appellat,

172 3954 241 4001 non
267 3937 405 4019 penitus
428 3954 491 4001 nos
509 3936 699 4020 intelligere
717 3955 830 4020 posse,
848 3955 935 4021 quae
953 3937 1158 4021 religionum
1177 3938 1317 4001 scientia
1335 3937 1453 4019 quanti

173 4039 327 4108 facienda
353 4045 455 4107 sitin
482 4040 658 4126 Aeschylo
683 4042 888 4127 explicando
914 4046 1091 4128 ingeniosa
1114 4045 1190 4126 ejus
1215 4044 1248 4107 in
1275 4040 1451 4108 Orestiam

172 4147 416 4233 prolegomena
440 4152 637 4215 testimonio
662 4164 752 4215 sunt.
792 4147 873 4232 Qua
892 4150 1095 4234 religionum
1116 4148 1281 4234 Aeschyli
1299 4148 1454 4214 illorum-

171 4272 239 4337 que
250 4259 392 4322 omnino
405 4272 600 4340 temporum
613 4259 877 4341 investigatione
889 4257 979 4322 haud
989 4257 1094 4324 dubie
1104 4260 1168 4323 iam
1178 4255 1351 4337 Welcker‚
1364 4255 1454 4320 Nae-

171 4361 1452 4448 gelsbach,OdoiredusMueller,Schoemann,Keck0ptimedeAeschylo

172 4471 344 4552 imprimis
368 4470 411 4536 de
437 4469 578 4540 Orestia
603 4473 715 4537 meriti
741 4485 855 4552 erant;
884 4471 966 4536 haec
997 4473 1109 4537 studia
1141 4469 1237 4537 velut
1268 4470 1309 4535 ad
1335 4467 1453 4537 Choe-

172 4576 302 4659 phoros
328 4579 599 4662 pernoscendoS,
630 4580 689 4662 qui
722 4576 850 4661 ubique
876 4575 1094 4644 Graecorum
1125 4577 1216 4642 illam
1248 4578 1291 4642 de
1322 4590 1454 4640 mortu-
