3216 5040
745 219 903 274 ..26-

184 362 257 428 sich
296 361 346 426 als
381 361 653 448 nachtriglicher
693 361 819 428 Zusatz
853 383 895 428 zu
931 363 1163 448 erkennen‘).'
1200 361 1270 432 Cui
1307 369 1464 449 opinioni

183 471 343 536 assentiri
377 487 445 533 non
481 487 637 552 possum.
693 468 817 553 Neque
848 472 938 535 enim
973 470 1063 535 idem
1096 471 1177 536 dicit
1208 489 1335 537 versus
1370 476 1463 557 quod

112 637 115 646 .
183 577 401 656 antecedens,
426 575 487 640 sed
519 593 597 641 cum
622 576 804 641 excubitor
837 595 899 659 per
933 590 1040 642 totum
1073 595 1200 642 annum
1238 578 1356 644 stellas
1389 581 1465 646 dili·

183 696 303 768 genter
327 682 580 763 observaverit,
606 700 730 748 novam
757 683 928 767 quandam
953 686 1156 749 sententiam
1177 684 1319 750 exhibet
1343 705 1381 752 ac
1406 707 1466 753 ne-

183 792 379 855 cessariam.
427 788 515 854 Nam
541 808 620 855 cum
639 791 751 872 primo
773 789 821 874 (v.
846 786 880 874 4)
906 792 939 856 in
958 793 1162 856 universum
1181 792 1329 858 dixisset
1346 809 1463 861 custos

185 913 288 962 nosse
312 915 350 961 se
375 896 569 980 vulgarium
595 896 771 961 stellarum
797 899 1115 982 quasicontionem
1144 896 1462 987 (capul...apa·sopa,

183 1021 249 1086 qua
274 1003 317 1068 de
341 1001 589 1088 significatione
614 1017 706 1068 recte
730 1001 866 1068 Verrall
893 1002 1135 1088 Hermannum
1167 1007 1349 1070 maximam
1381 1025 1461 1090 par-

184 1124 251 1174 tem
277 1124 436 1175 secutus:
460 1126 553 1198 ,aeetp
574 1129 611 1175 as
635 1111 790 1194 opposed
816 1124 850 1176 to
875 1127 965 1198 coepto
984 1113 1013 1176 is
1038 1111 1203 1196 properly
1229 1131 1246 1176 a
1270 1128 1362 1198 great
1377 1128 1455 1194 star,

183 1218 249 1283 and
274 1217 317 1284 he
342 1218 461 1283 stands
487 1215 540 1282 for
565 1217 622 1284 the
646 1231 740 1302 great
764 1205 830 1282 a'nd
856 1215 1001 1283 familiar
1025 1231 1115 1284 stars
1139 1219 1253 1286 which
1281 1220 1380 1285 mark
1402 1221 1454 1286 the

184 1323 333 1408 season‘)
367 1338 400 1390 et
433 1343 540 1390 versu
572 1329 594 1389 6
626 1325 815 1390 addidisset
848 1327 1020 1407 imprimis
1054 1324 1119 1390 sibi
1154 1329 1219 1391 iam
1253 1341 1351 1392 notas
1385 1346 1458 1392 esse

116 1454 119 1461 ¹
184 1431 299 1496 stellas
325 1433 475 1497 maxime
496 1433 712 1514 conspicuae,
729 1449 814 1518 quas
831 1429 976 1511 ,lucidos
994 1434 1104 1516 reges‘
1120 1432 1254 1517 apellat,
1272 1448 1461 1516 postremo,

183 1538 217 1603 id
249 1540 342 1622 quod
374 1541 563 1604 maximum
596 1552 647 1604 est
681 1538 873 1604 excubitori
906 1542 1004 1624 quasi
1036 1543 1231 1606 numeranti
1263 1541 1339 1605 dies
1372 1544 1464 1621 anni,

183 1648 242 1729 qui
268 1648 371 1711 nimis
396 1649 426 1710 ei
451 1645 590 1710 videtur
614 1646 801 1711 diuturnus
825 1643 881 1732 (cf,
908 1645 1100 1727 Hermann,
1126 1648 1178 1712 ed.
1214 1651 1298 1712 1852
1327 1648 1396 1713 vol.
1423 1645 1463 1710 -ΙΙ

183 1772 215 1836 p.
239 1757 315 1833 363,
340 1755 398 1837 qui
424 1752 511 1817 bene
537 1751 583 1817 ibi
607 1753 704 1817 dicit:
730 1771 914 1818 numerare
938 1753 1012 1818 dies
1037 1767 1070 1818 et
1087 1768 1289 1836 computare
1307 1767 1465 1837 tempora

183 1859 305 1940 solent,
330 1859 457 1942 quibus
476 1859 620 1925 molesta
637 1873 689 1925 est
706 1859 868 1926 diuturna
886 1858 1123 1944 exspectatio),
1149 1879 1187 1925 se
1204 1863 1304 1926 etiam
1324 1861 1464 1945 quando

183 1980 367 2032 orerentur
391 1981 425 2031 et
448 1967 644 2032 occiderent
677 1966 830 2032 illustres
862 1966 938 2032 illae
962 1967 1091 2048 stellae,
1122 1985 1210 2050 quae
1253 1983 1286 2032 et
1324 1965 1462 2052 frigoris

116 2126 126 2142 ,
183 2088 216 2139 et
247 2087 363 2138 aestus
387 2072 586 2139 hominibus
618 2088 776 2139 auctores
807 2088 934 2154 essent,
965 2077 1030 2139 iarn
1061 2072 1149 2139 bene
1182 2077 1270 2140 scire
1303 2073 1462 2140 affirmat.

183 2179 399 2246 Vocabulum
437 2193 545 2268 catapan
579 2183 681 2265 igitur
714 2181 992 2265 conjungendum
1027 2193 1079 2246 est
1105 2179 1311 2274 Hermanni,
1340 2180 1463 2246 Kirch-

183 2285 290 2369 holiii,
327 2285 581 2354 Schneidewini
617 2289 835 2372 aliorumque
870 2287 1031 2372 exemplo
1066 2307 1144 2354 cum
1165 2304 1349 2375 ‘appanowa
1377 2301 1463 2375 αἰθέρι

184 2412 246 2460 nec
270 2396 403 2479 virgula
429 2410 506 2480 post
530 2407 617 2480 αἰθέρι,
637 2397 758 2478 posita,
790 2395 823 2459 id
855 2395 948 2480 quod
973 2393 1109 2460 Verrall
1139 2395 1265 2479 aliique
1295 2393 1462 2476 fecerunt,

183 2503 413 2585 separandum
440 2517 491 2568 est
515 2502 556 2567 ab
582 2513 676 2588 αἰθέρι.
710 2500 825 2586 Atque
850 2502 1019 2568 vocabulo
1042 2516 1085 2568 καί
1111 2520 1144 2566 ν.
1169 2500 1263 2586 Slmt
1284 2521 1342 2579 τοὺς
1371 2518 1462 2588 φέρω-

183 2645 269 2686 τας..
302 2609 434 2696 ἀστέρας)
460 2612 641 2676 transitum
668 2629 685 2674 a
711 2628 747 2675 re
772 2611 935 2675 universa
960 2603 1001 2673 ad
1026 2627 1142 2674 casum
1175 2609 1396 2693 singularem,
1428 2610 1461 2674 id

183 2718 275 2800 quod
301 2721 367 2782 iam
393 2736 497 2800 supra
529 2715 718 2802 significavi
753 2715 856 2801 (,cum
886 2716 1080 2801 vulgarium
1114 2716 1291 2781 stellarum
1325 2729 1461 2782 coetum

183 2827 265 2890 novi
291 2839 362 2916 turn
389 2824 534 2890 illustria
558 2823 613 2888 illa
638 2821 789 2907 sidera‘),
814 2824 933 2889 eadem
959 2826 1090 2889 ratione
1121 2826 1270 2906 exprimi
1295 2840 1362 2908 qua
1388 2841 1461 2888 mea

183 2932 322 3017 quidem
356 2935 524 2997 sententia
558 2934 591 2996 in
624 2930 777 3014 pedestri
808 2933 962 2995 oratione
993 2929 1089 2994 velut
1116 2930 1207 3013 apud
1241 2928 1459 2995 Herodotum

181 3053 350 3127 attentat,
393 3037 511 3104 Latine
550 3051 718 3104 cum-tum
758 3051 955 3121 usurpatur,
993 3035 1200 3102 Housmann
1238 3036 1397 3120 ,Journal
1428 3033 1467 3101 of

184 3145 366 3231 Philology
392 3143 473 3212 XVI
498 3150 564 3211 246
587 3146 850 3224 demonstravit,
876 3162 953 3209 curn
980 3159 1137 3210 moneret
1162 3144 1246 3209 illud
1273 3143 1370 3209 Pers.
1395 3147 1458 3207 ‘751

182 3271 282 3342 θνητὸς
301 3269 335 3320 ὢν
354 3271 424 3320 θεῶν
443 3268 468 3320 δὲ
488 3269 587 3320 πάντων
601 3267 659 3339 ᾤετ’
679 3267 724 3320 οὐκ
746 3267 869 3337 εὐβουλίᾳ
882 3269 925 3319 καὶ
941 3267 1099 3328 Ποσειδῶνος
1111 3267 1248 3338 κρατήσειν
1273 3250 1375 3333 (,cum
1409 3269 1464 3315 ce·

184 3376 276 3428 teros
312 3378 434 3426 omnes
472 3362 557 3426 deos
590 3374 835 3448 superaturum
871 3378 908 3424 se
942 3377 1018 3424 esse
1054 3373 1183 3424 temere
1217 3361 1378 3442 opinatus
1410 3371 1462 3422 est

184 3482 254 3534 tum
281 3467 520 3551 Neptunum‘).
568 3466 647 3534 Non
675 3470 778 3552 igitur
802 3463 1001 3549 superfluus
1026 3480 1062 3530 ut
1080 3464 1297 3531 Weckleinio
1323 3465 1462 3529 videtur

183 3593 309 3641 versus
345 3589 396 3640 cst
432 3577 514 3641 novi
548 3574 675 3658 aliquid
710 3571 877 3654 afferens3
911 3573 1159 3637 verumetiam
1193 3573 1221 3635 si
1254 3570 1338 3635 nihil
1370 3571 1462 3636 aliud

184 3702 289 3748 versu
314 3696 535 3767 appeteretur
559 3683 625 3747 nisi
651 3695 687 3747 ut
704 3680 911 3746 antecedens
935 3678 1134 3762 metaphora
1152 3696 1214 3761 per
1231 3676 1462 3761 periphrasin,

183 3791 276 3873 quod
308 3790 398 3855 idem
428 3789 614 3870 contendit,
644 3787 846 3871 explicetur,
877 3805 920 3851 ne
953 3785 1018 3851 hoc
1048 3786 1188 3869 quidem
1221 3785 1262 3850 ab
1295 3782 1463 3866 Aeschyli

182 3897 433 3964 consuetudine
457 3896 527 3962 ullo
552 3895 656 3962 modo
680 3893 894 3961 abhorreret.
943 3892 1045 3959 Amat
1068 3895 1160 3957 enim
1187 3894 1337 3957 maxime
1362 3903 1463 3975 poeta

184 4018 301 4070 noster
327 4002 557 4087 metaphoras,
592 4002 758 4069 vocabula
790 4001 1016 4080 subobscura,
1050 4002 1192 4081 rariora,
1220 4002 1343 4084 prisca,
1374 4014 1462 4081 quae

182 4111 356 4176 interdum
382 4123 536 4194 usurpat,
564 4107 710 4177 fortasse
735 4109 828 4193 quod
853 4107 953 4173 abiis
977 4109 1036 4190 qui
1059 4105 1242 4172 audiebant
1261 4123 1329 4170 non
1348 4105 1461 4170 statim

184 4231 275 4282 recte
299 4215 439 4301 intelligi
465 4234 503 4281 ea
528 4216 678 4301 putabat,
703 4215 999 4301 subsequentibus
1023 4212 1142 4279 verbis
1167 4232 1229 4297 per
1253 4212 1460 4295 epexegesin

183 4326 412 4408 interpretari.
462 4322 540 4390 Hoc
558 4321 646 4390 bene
670 4325 736 4390 iam
761 4322 943 4389 scholiasta
969 4323 1112 4402 monuit,
1129 4339 1207 4386 cum
1227 4319 1268 4383 ad
1288 4317 1386 4383 Eum.
1404 4320 1461 4380 44:

182 4444 257 4517 λήνει
277 4445 387 4517 μεγίστῳ
409 4443 547 4518 σωφρόνως
568 4445 728 4518 ἐστεμμένον,
748 4445 835 4517 ἀργῆτι
855 4444 956 4516 μαλλῷ·
976 4444 1038 4516 τῇδε
1057 4447 1105 4516 γὰρ
1125 4450 1222 4515 τρανῶς
1243 4441 1292 4513 ἐρῶ
1320 4425 1355 4510 (i.
1378 4443 1407 4490 θ.
1425 4437 1462 4488 Ul

183 4539 366 4621 perspicue
394 4535 530 4624 loquar)
558 4539 737 4606 adnotaret
767 4537 846 4604 hoc:
876 4550 1009 4617 εἰώθασιν,
1034 4551 1094 4604 ὅταν
1120 4551 1219 4622 ἀσαφές
1242 4571 1264 4602 τι
1298 4551 1410 4612 εἴπωσιν,
1438 4547 1462 4599 οἱ
