3216 5040
747 243 906 300 „45-

184 397 253 460 isse
279 392 362 459 mihi
387 392 536 472 videtur,
562 407 649 475 quae
673 405 783 473 poena
809 399 880 477 tum
906 388 1019 470 ipsum
1046 404 1087 452 co
1112 388 1251 471 gravior
1274 388 1304 452 ei
1330 384 1466 469 luisset,

184 518 261 566 cum
289 497 586 584 Agamemnonem
611 496 791 561 dominum
817 495 1034 558 carissimum
1061 507 1094 558 et
1118 491 1268 558 iamdiu
1291 493 1470 560 desidera·'

185 623 257 672 tum
284 606 382 671 brevi
407 605 550 671 domum
576 620 803 668 reversurum
828 614 923 666 certo
942 612 1109 685 speraret.
1150 598 1268 685 ltaque
1292 619 1369 665 cum
1388 619 1467 667 ver·

78 707 81 712 ’
185 713 373 791 berationis
389 729 500 795 poena
524 709 606 775 mihi
628 710 735 774 nimis
745 708 844 789 leviS,
856 706 1014 791 supplicii
1034 708 1137 771 nimis
1155 725 1278 772 severa
1296 708 1465 791 videatur,

185 834 311 886 rectam
337 818 509 905 quandam
536 817 806 883 mediocritatem
830 831 973 879 servare
998 812 1150 879 arbitror
1175 813 1265 879 illam
1292 833 1336 879 ex
1356 816 1463 881 divite

185 928 354 994 carissimi
396 927 487 1009 regis
526 924 631 989 domo
665 921 920 1006 expulsionem,
957 938 1059 1010 quam
1102 918 1230 986 famulo
1267 922 1465 1006 grandaevo

185 1048 286 1120 atque
321 1034 386 1096 iam
418 1029 523 1096 debili
555 1049 624 1096 non
655 1031 962 1094 manumissionem
995 1021 1264 1114 ctf‘libertatem,
1294 1030 1355 1094 sed
1388 1031 1466 1096 tris·

185 1142 357 1206 tissimum
399 1138 560 1203 exsilium
601 1139 831 1221 egestatisque
870 1134 1011 1221 plenum
1053 1132 1161 1200 luisse
1208 1133 1362 1201 futurum
1404 1155 1467 1221 pu-

186 1246 326 1313 tandum
359 1259 422 1311 est.
461 1242 684 1328 vComplures
717 1244 808 1308 docti
839 1242 1009 1308 vocabulo
1043 1257 1105 1326 βοος
1141 1260 1322 1309 nummum
1362 1246 1466 1328 signi-

187 1352 278 1419 ficari
314 1364 535 1435 putaverunt,
567 1353 646 1434 quia
679 1351 742 1416 bos
774 1352 808 1414 in
842 1351 1007 1430 nummis,
1036 1351 1187 1415 maxime
1215 1352 1249 1415 in
1286 1349 1463 1432 Romanis,

187 1461 323 1543 saepius
361 1476 554 1541 expressus
594 1471 646 1522 est
685 1454 741 1540 (cl.
781 1458 883 1521 etiam
921 1455 1001 1521 Plut
1039 1453 1143 1521 Thea.
1175 1475 1203 1521 c.
1242 1461 1285 1522 25
1325 1470 1358 1553 ct
1395 1456 1467 1522 He-

187 1565 345 1651 sychlulll
383 1566 426 1628 ad
461 1580 523 1648 βοῦς
542 1580 584 1632 ἐπὶ
601 1579 725 1650 γλώοοῃι
753 1576 842 1629 διὰτὸ
866 1589 914 1630 τῶν
942 1576 1094 1650 Ἀθηναίων
1119 1579 1234 1648 νόμισμα
1252 1575 1320 1649 ἔχειν
1344 1579 1403 1644 βοῦν
1428 1567 1466 1651 ἔγ.

185 1670 404 1760 νοχοοονμονον),
429 1687 530 1757 atque
549 1670 791 1755 Riggauerum‚
816 1672 927 1735 civem
947 1668 1051 1734 huius
1069 1669 1177 1751 urbis,
1194 1687 1298 1754 quem
1317 1674 1467 1737 maxime

186 1783 276 1846 inter
310 1779 476 1857 Bavaros
502 1779 761 1843 numismaticae
793 1775 894 1841 laude
926 1772 1088 1843 floruisse
1117 1790 1250 1842 constat
1279 1795 1316 1842 ac
1341 1796 1468 1861 nuper-

188 1890 274 1952 rime
299 1886 411 1952 subita
435 1899 468 1950 et
493 1888 675 1951 immatura
698 1897 808 1949 morte
824 1882 1047 1970 absumptum
1066 1902 1144 1949 esse
1160 1882 1261 1949 valde
1278 1884 1465 1951 dolendum

152 1993 155 2002 ’
186 2008 249 2072 est,
274 1995 348 2078 ipse
373 1996 406 2058 in
432 2011 536 2059 cursu
561 1991 710 2075 quodam
736 1989 994 2076 archaeologico
1025 1992 1194 2056 dicentem
1225 1993 1342 2057 audivi
1368 2010 1468 2058 voca-

188 2101 307 2166 bulum
333 2117 395 2184 βοος
418 2099 533 2184 aliquo
558 2096 724 2181 Aeschyli
749 2096 825 2163 loco
850 2096 933 2164 nihil
959 2098 1049 2163 aliud
1071 2096 1265 2182 significare
1283 2101 1348 2164 nisi
1368 2116 1467 2164 num-

188 2224 293 2292 mum.
344 2205 574 2291 Riggauerum
599 2205 642 2270 de
667 2203 743 2270 solo
765 2219 887 2270 nostro
912 2204 987 2271 loco
1013 2203 1076 2290 Ag.
1100 2209 1144 2270 36
1169 2204 1231 2270 hac
1256 2208 1289 2270 in
1316 2224 1353 2271 re
1377 2209 1467 2291 cogi-

189 2329 278 2380 tasse
305 2312 526 2379 maniiestum
552 2326 614 2378 est.
655 2309 722 2378 Sed
744 2315 773 2378 si
798 2331 920 2378 revera
938 2327 1055 2380 custos
1079 2331 1166 2379 voce
1191 2329 1253 2397 βοῦς
1275 2312 1467 2398 significare

124 2424 127 2432 ’
188 2421 357 2487 voluisset
383 2434 494 2485 tacere
519 2438 557 2485 se
582 2421 745 2501 nummis,
769 2410 950 2504 pecuniaa
975 2418 1234 2504 Clytaemestra
1252 2436 1467 2504 corruptum,

189 2527 253 2592 boc
278 2545 369 2607 eum,
394 2541 431 2592 ut
455 2526 614 2593 homines
638 2527 682 2592 de
706 2527 807 2611 plebe
840 2526 950 2593 iacere
982 2527 1104 2610 solent,
1136 2531 1195 2612 qui
1223 2529 1266 2598 de
1295 2530 1465 2609 ejusmodi

190 2635 363 2716 praemiis,
389 2633 558 2714 mercede,
583 2633 981 2718 pecunia'libentissime
1005 2635 1195 2720 loquuntur
1219 2634 1275 2719 (cl.
1305 2637 1349 2716 id,
1374 2636 1466 2720 quod

183 2737 369 2805 ,Wecklein
391 2729 720 2823 optimc'adnotavit
737 2741 778 2805 ad
796 2741 963 2807 vocabula
987 2758 1059 2830 λύπη
1078 2758 1100 2808 a’
1115 2755 1230 2829 ἄμνοοος
1244 2799 1250 2812 .
1264 2799 1291 2811 ..
1312 2759 1468 2830 ξυνέμπορος

190 2843 280 2914 Cho.
305 2849 385 2911 729:
411 2849 472 2913 mit
496 2846 785 2914 volkstiimlichcr
806 2846 977 2930 Naivetit‚
1002 2850 1058 2915 die
1082 2850 1160 2915 dem
1181 2848 1380 2917 Cbarakter
1404 2851 1467 2915 der

189 2951 315 3018 Amme
332 2971 558 3038 angemessen
577 2956 637 3020 ist:
654 2955 732 3035 „die
749 2951 882 3020 Trauer
895 2955 1054 3041 begleitct
1066 2955 1144 3022 dich
1159 2957 1229 3022 und
1243 2957 1290 3022 du
1305 2953 1468 3023 bra'ucbst

188 3063 237 3127 sie
263 3060 356 3127 nicht
385 3061 509 3126 einmal
541 3059 642 3127 daliir
670 3082 711 3126 zu
743 3061 957 3148 bezahlen“),
988 3078 1083 3128 certo
1114 3078 1466 3130 commemoraturum

187 3168 302 3253 aliquo
327 3168 402 3234 loco
427 3166 482 3233 vel
508 3170 777 3253 magnitudinem
797 3172 962 3252 pecuniae
986 3171 1216 3236 indicaturum
1244 3168 1351 3237 luisse
1377 3173 1467 3237 veri-

189 3275 300 3341 simile
325 3289 376 3340 est
401 3277 490 3341 sicut
513 3276 546 3340 id
571 3275 614 3340 de
638 3276 781 3341 custode
805 3291 937 3362 ν,ονονο’ς*)
967 3291 1126 3343 narratur
1154 3278 1244 3361 apud
1271 3276 1466 3344 Homerum

187 3397 209 3461 δ,
237 3387 300 3446 525
325 3397 383 3462 (ὕπο
403 3397 423 3448 δ’
444 3395 530 3466 ἔσχετο
552 3396 647 3468 pabor,
667 3401 766 3470 χρυσοῦ
785 3397 842 3451 δοιὰ
861 3399 992 3464 τάλαντα),
1047 3383 1164 3468 ltaque
1199 3384 1293 3470 quod
1328 3382 1465 3452 Vcrrall

187 3490 268 3554 dicit
292 3489 470 3554 custodem
497 3492 618 3554 timere
640 3489 826 3560 enuntiatis
852 3491 957 3557 rebus
976 3493 1127 3558 tacendis
1144 3494 1245 3557 etiam
1264 3494 1467 3576 promissae,

188 3599 216 3661 si
230 3598 461 3661 ministerium
476 3615 577 3660 suum
593 3596 775 3686 diligenter
790 3613 977 3664 exsecutus
991 3613 1093 3680 esset,
1112 3599 1282 3672 mercedis
1300 3602 1463 3665 iacturam

188 3701 271 3786 (,tbe
297 3700 368 3768 leat
392 3700 431 3766 ol
460 3703 570 3788 losing
603 3703 659 3770 the
690 3706 823 3771 reward
854 3703 893 3771 ol
919 3705 972 3771 bis
1004 3704 1175 3792 service‘),
1207 3705 1290 3771 mihi
1324 3706 1465 3791 quidem

188 3811 327 3876 videtur
351 3808 533 3876 excubitor
564 3810 625 3877 bac
647 3831 687 3898 re
710 3809 854 3879 omnino
878 3815 1040 3880 iacturam
1068 3816 1224 3879 universi
1257 3817 1290 3880 in
1323 3814 1467 3879 aedibus

190 3914 461 4001 Agamemnonis
486 3918 667 3984 ministerii
693 3919 849 3984 timuisse
874 3923 894 3985 i.
912 3938 941 3985 e.
959 3920 1133 4001 exsilium,
1151 3924 1283 3986 tristem
1302 3939 1345 3986 ex
1363 3921 1468 3987 domo

189 4037 222 4088 et
247 4021 322 4089 foco
356 4023 597 4106 expulsionem
636 4041 669 4091 et
693 4025 830 4092 Vcrrall
861 4026 979 4092 verbis
1010 4026 1149 4110 paulum
1182 4030 1321 4093 mutatis
1353 4028 1468 4093 dicere

188 4131 352 4196 debuisse
369 4132 490 4196 timere
507 4119 685 4202 custodem
704 4136 866 4199 iacturam
886 4137 1071 4199 universae
1095 4135 1184 4217 apud
1211 4152 1325 4219 regem
1351 4135 1469 4200 condi·

189 4239 297 4303 cionis
322 4256 415 4302 suae.
452 4236 535 4321 (,tbe
561 4238 632 4310 leat
656 4238 695 4312 ol
715 4240 827 4325 losing
844 4241 897 4306 bis
922 4239 1093 4324 service‘).

279 4343 348 4412 lam
374 4347 477 4414 linem
504 4345 622 4414 faciam
648 4348 854 4429 disserendi,
880 4366 922 4413 ne
947 4347 1048 4414 solito
1074 4350 1181 4433 magis
1198 4363 1369 4413 accrescat
1386 4347 1468 4414 baec

189 4457 453 4537 commentati03
478 4457 512 4520 in
537 4473 613 4543 qua,
629 4457 656 4520 si
682 4457 821 4538 saepius
846 4458 960 4521 erravi
983 4470 1052 4536 aut,
1077 4470 1114 4521 ut
1138 4455 1247 4521 incola
1273 4455 1370 4521 urbis
1388 4473 1468 4539 pro-

189 4562 333 4642 vinciae,
359 4579 427 4626 non
453 4542 771 4628 omnes‘doctorum
794 4561 901 4627 libros
927 4565 1100 4646 respicere
1124 4565 1231 4646 potui,
1257 4564 1357 4627 venia
1384 4561 1466 4626 mibi
