3216 5040
714 238 938 312 -ιο-Ι

153 387 282 469 pariter
306 387 339 449 ln
366 398 511 448 externo
537 401 653 448 rerum
680 397 821 447 naturae
852 382 1043 466 agendique
1069 385 1101 446 in
1132 383 1307 466 republica
1332 399 1433 469 atque

133 493 187 555 =in
232 493 396 556 interiore
440 491 544 554 animi
584 488 763 582 hominum
804 488 933 553 mundo
974 503 1134 554 versatus
1179 503 1260 555 erat.
1317 489 1433 558 Huius

155 601 204 663 rei
228 597 284 664 vel
311 599 463 662 maximo
487 609 690 680 argumento
716 610 768 660 est
789 592 930 661 Orestia
955 597 1041 677 ejus,
1065 597 1159 679 quod
1184 615 1283 680 opus,
1309 613 1346 663 ut
1370 598 1432 664 alia

153 707 319 784 omittam,
345 704 517 787 idipsum
544 703 645 768 nobis
670 701 811 787 praebet
834 702 1017 786 peculiare,
1042 704 1136 786 quod
1162 702 1233 769 sola
1259 720 1311 770 est
1328 708 1432 771 totius

153 813 364 896 antiquitatis
396 809 528 894 trilogia
561 823 751 893 superstes,
782 811 870 874 sicut
898 809 1057 874 similiter
1088 829 1154 875 una
1186 814 1341 877 omnium
1374 832 1433 878 ve-

154 933 390 1000 terum,.quae
414 917 553 999 quidem
580 919 777 982 etiamnunc
808 931 955 997 exstant,
981 915 1146 1001 Aeschyli
1173 917 1359 984 Persarum
1387 919 1433 985 la·

153 1024 231 1090 bula
257 1028 330 1108 ipsa
355 1043 471 1090 rerum
497 1023 639 1089 historia
664 1027 697 1088 in
724 1043 861 1089 scenam
886 1025 1090 1108 producitur
1107 1040 1209 1107 atque
1234 1045 1271 1090 ea
1289 1026 1431 1093 historia

152 1135 307 1197 omnium
333 1134 483 1197 maxime
509 1130 754 1212 memorabilis,
780 1149 846 1195 una
871 1145 984 1196 autem
1004 1130 1202 1197 Promethei
1229 1131 1341 1198 labula
1367 1133 1431 1200 soli

152 1240 206 1305 dei
239 1257 361 1303 scenae
392 1240 665 1318 committuntur,
697 1237 793 1303 solus
822 1239 973 1319 denique
1006 1237 1214 1321 Aeschylus
1246 1255 1282 1305 ut
1316 1239 1449 1314 Weilii

157 1345 177 1410 l.
203 1345 223 1410 l.
248 1364 280 1428 p.
300 1344 331 1410 V
350 1346 392 1410 de
410 1344 620 1410 Prometheo
638 1344 756 1410 verbis
782 1360 868 1426 utar,
894 1348 927 1409 in
947 1363 1054 1410 scena
1073 1346 1239 1412 exhibere
1256 1365 1362 1412 ausus
1379 1362 1431 1412 est

153 1451 301 1519 labulam
330 1455 467 1537 ingenio
494 1471 557 1517 suo
582 1453 731 1536 dignam,
757 1469 844 1533 quae
873 1455 983 1535 prima
1010 1448 1231 1518 humanitatis
1256 1456 1345 1526 inter
1370 1455 1432 1518 ho-

153 1563 263 1625 mines
288 1562 499 1625 incrementa
525 1578 592 1624 non
618 1562 693 1624 sine
718 1557 836 1624 labore
860 1574 893 1624 et
916 1558 1037 1624 dolore
1061 1575 1156 1644 parta
1181 1563 1353 1645 proponit.

243 1665 318 1733 Una
344 1670 446 1752 igitur
472 1667 526 1732 illa
558 1669 663 1732 totius
687 1669 898 1748 antiquitatis
930 1667 1061 1751 trilogia
1095 1667 1136 1732 ad
1171 1667 1257 1732 hanc
1286 1683 1429 1733 aetatem

152 1789 287 1840 servata
312 1793 388 1840 cum
416 1774 541 1839 multas
566 1773 688 1839 habeat
712 1759 903 1857 peculiares
921 1776 1068 1839 virtutes
1087 1789 1158 1840 tum
1185 1774 1246 1839 hac
1272 1794 1308 1840 re
1333 1794 1431 1859 prae·
1485 1849 1489 1852 ,

153 1896 203 1946 ter
220 1897 350 1947 ceteras
370 1880 502 1946 fabulas
519 1879 645 1946 llorere
663 1881 745 1946 mihi
763 1882 913 1962 videtur,
938 1882 1030 1964 quod
1049 1900 1127 1946 cum
1149 1885 1192 1948 sit
1213 1895 1428 1966 postremum

151 2007 240 2071 opus
258 1991 478 2071 maximeque
499 2003 671 2053 maturum
693 2002 725 2053 et
742 1986 933 2072 perlectum
960 1990 1065 2068 senis,
1090 1991 1147 2072 qui
1167 1988 1314 2073 plurima
1332 1990 1429 2070 vidit,

97 2147 100 2164 ,
151 2095 298 2178 plurima
331 2110 496 2179 expertus
529 2110 591 2176 est,
623 2095 897 2179 praeclarissima
927 2095 970 2160 de
1008 2096 1187 2161 hominum
1222 2099 1292 2162 vita
1327 2099 1431 2160 mori·
1498 2111 1500 2115 ·
1604 2067 1605 2100 ³

151 2201 297 2283 busque,
331 2203 374 2267 de
411 2200 637 2286 religione‚³⁷)
670 2202 713 2267 de
747 2201 965 2285 philosophia
978 2201 1019 2287 ³⁸)
1055 2217 1235 2286 praecepta
1267 2205 1428 2284 continet,

150 2324 390 2395 praeterquam
426 2310 518 2391 quod
552 2312 681 2393 optima
717 2311 967 2392 compositione
999 2312 1161 2375 continua
1198 2312 1300 2375 trium
1334 2309 1430 2374 fabu-

150 2420 259 2484 larum
287 2419 376 2482 idem
402 2431 642 2501 argumentum
671 2420 898 2497 tractantium,
930 2435 1158 2500 personarum
1185 2416 1341 2482 moribus
1367 2419 1431 2482 irn-

150 2529 272 2611 primis
307 2522 637 2611 Clytaemestrae³⁸)
672 2522 844 2589 subtiliter
875 2526 1064 2607 expressis,
1096 2523 1360 2589 similitudinum
1396 2538 1428 2590 et

151 2633 412 2706 translationum
448 2646 582 2712 ornatu,
614 2633 728 2696 omnis
761 2631 911 2713 denique
932 2631 1119 2711 dictionis,
1145 2634 1297 2696 maxime
1331 2632 1427 2697 chori

150 2744 340 2806 carminum
360 2741 536 2824 gravitate,
561 2736 822 2822 magnificentia,
847 2739 1037 2822 granditate
1057 2753 1159 2820 atque
1177 2741 1425 2803 sententiarum

150 2847 360 2912 sublimitate
396 2861 429 2911 et
464 2842 691 2928 majestate⁸⁹t
727 2843 872 2911 tortasse
906 2848 1030 2910 ceteris
1064 2845 1228 2910 omnibus
1267 2860 1425 2911 veterum

150 2955 401 3037 tragoediarum
431 2955 641 3036 scriptorum
673 2967 706 3018 et
730 2967 909 3035 poetarum
940 2952 1106 3036 operibus
1137 2952 1318 3033 antecellit,
1348 2971 1425 3018 cum

149 3060 202 3126 his
226 3064 260 3125 in
286 3059 391 3125 rebus
416 3059 578 3125 omnibus
600 3055 676 3124 'iere
706 3058 1080 3124 numerisabsolutum
1114 3062 1167 3124 sit.
1216 3058 1331 3141 Atque
1363 3059 1427 3124 hoc

149 3184 287 3250 quoque
312 3153 536 3250 praecipuum
562 3153 796 3249 praesefert
822 3164 975 3246 Orestia,
990 3149 1092 3248 'quod
1118 3179 1217 3250 poeta
1240 3169 1274 3231 in
1301 3185 1338 3230 ea
1363 3165 1428 3232 dii·

148 3273 255 3340 ficiles
287 3273 362 3339 illas
394 3273 633 3358 philosophiae
664 3288 696 3340 et
729 3274 905 3359 religionis
938 3277 1158 3357 quaestiones
1193 3273 1310 3338 multis
1342 3273 1426 3338 locis

149 3396 278 3463 tractat,
315 3384 349 3447 in
386 3380 513 3464 quibus
547 3383 647 3447 etiam
685 3381 934 3446 hodiernorum
970 3380 1161 3461 hominum,
1196 3383 1255 3462 qui
1285 3381 1444 3463 quidem

147 3488 248 3554 altius
273 3491 431 3574 cogitant,
456 3502 601 3568 mentes,
626 3507 703 3553 cum
730 3489 884 3554 nondum
911 3491 979 3553 sint
1004 3487 1146 3569 solutae,
1176 3487 1322 3553 multum
1348 3506 1427 3552 ver-

147 3611 278 3677 santur,
303 3596 399 3662 velut
424 3599 660 3679 quaestionem
687 3597 729 3661 de
755 3615 889 3661 summa
914 3595 969 3660 illa
997 3597 1168 3679 ingenitae
1193 3610 1346 3675 naturae,
1376 3597 1426 3658 in-

147 3704 247 3785 dolis,
288 3703 477 3770 voluntatis
508 3708 543 3770 vi
583 3723 601 3768 a
635 3703 836 3787 parentibus
868 3705 965 3785 quasi
1003 3702 1192 3768 hereditate
1223 3721 1286 3786 per
1320 3700 1425 3766 multa

148 3829 272 3895 genera
297 3829 409 3893 usque
440 3826 655 3896 propagatae,
687 3827 788 3892 quam
823 3812 1142 3875 recentissimorum
1174 3826 1313 3891 quoque
1344 3825 1426 3892 poe-

147 3933 258 3983 tarum
285 3917 382 3982 multi
408 3920 441 3982 in
466 3918 631 3983 dramatis
656 3915 804 3982 libenter
828 3915 1040 3997 describunt,
1065 3916 1143 3981 sive'
1170 3915 1256 3981 mala
1289 3928 1341 3981 est
1366 3911 1422 3998 (cf.

148 4022 210 4108 Ag.
236 4029 301 4090 760
326 4041 401 4106 sqq
434 4038 503 4110 οιλεῖ
526 4039 552 4090 δὲ
579 4039 668 4090 τίκτειν
697 4038 769 4108 ὕβρις
790 4037 833 4108 μὲν
861 4027 961 4088 nolae&
989 4039 1130 4098 νεάζουοαν
1159 4038 1184 4090 ἐν
1212 4044 1303 4100 κακοῖς
1328 4038 1425 4108 βροτῶν

146 4147 218 4217 ὕβριν
231 4187 237 4198 .
252 4187 257 4199 .
272 4187 294 4210 .,
306 4144 437 4218 εἱδομὲναν
447 4154 570 4212 τοκεῦσιν,
584 4129 647 4216 Ag.
664 4136 730 4196 728
737 4146 886 4217 χρονισθεὶς
896 4144 1051 4209 δ’ὰπὲδειξεν
1066 4143 1137 4218 ἦθος
1150 4147 1178 4196 τὸ
1190 4147 1253 4216 πρὸς
1263 4145 1359 4196 τοκέων
1371 4127 1425 4213 ⁴⁰),

146 4240 221 4302 Sive
254 4252 305 4302 est
334 4237 423 4302 bolla
457 4235 535 4322 (Ag.
572 4241 637 4302 758
674 4251 751 4306 οἴκων
778 4255 827 4324 γὰρ
860 4250 1001 4304 εὐθυδίκων
1029 4251 1170 4314 καλλίπαις
1206 4252 1303 4323 πότμος
1341 4234 1424 4321 αἰεί.)

145 4343 270 4426 Neque
295 4362 391 4425 veru,
416 4363 494 4410 cum
529 4344 730 4410 horribilem
757 4344 847 4410 illam
873 4346 945 4409 vim
978 4358 1026 4409 tot
1055 4342 1139 4408 locis
1171 4343 1423 4427 spectatoribus

144 4451 313 4533 ostendat,
339 4452 466 4518 idcirco
491 4465 626 4536 poetam
656 4444 832 4536 opinatum
859 4469 937 4518 esse
955 4451 1125 4532 homines,
1151 4467 1239 4532 quos
1267 4446 1423 4535 profecto

144 4572 286 4624 naturae
326 4558 461 4644 legibus
501 4575 533 4626 et
574 4562 701 4625 summi
728 4558 833 4642 Jovis
875 4556 1063 4641 numini41)
1101 4558 1240 4640 ubique,
1273 4559 1424 4623 maxime
