3216 5040
725 179 891 274 ...¹38-

175 377 195 427 1
216 378 268 444 ἐμὲ,
293 363 326 427 id
355 363 447 445 quod
482 361 546 427 hoc
578 361 633 426 vel
665 361 723 428 illo
755 362 829 428 loco
861 365 926 428 iam
960 360 1115 428 lecerunt
1147 363 1303 429 nonnulli
1334 366 1470 444 critici,

176 470 377 534 mutandum
413 468 496 534 mihi
531 469 670 533 videtur
706 486 793 534 esse.
842 467 960 552 ltaque
988 485 1062 558 οῆο1
1083 484 1137 553 ἐμοὶ
1162 489 1225 554 pro
1245 485 1323 558 aazia
1345 505 1388 553 po.
1424 474 1466 538 in

176 571 238 658 Ag.
263 579 306 640 33
330 593 406 641 cum
436 573 568 640 Keckio
590 573 812 640 scribendum
840 589 923 658 puto
948 574 1055 662 (ποὶςὲε
1069 589 1203 663 polanae,
1217 589 1287 661 aaut
1303 591 1360 660 ἐμοὶ
1374 613 1465 666 προπ-

174 697 277 766 ποοῑος,
303 681 494 761 Wecklein,
521 679 761 747 Schneidewin
786 679 1097 770 111111111πῆο1έμοι).
1124 679 1182 750 Cf.
1207 685 1307 747 etiam
1328 681 1465 750 Weck-

175 788 241 852 lein
268 787 333 856 Or.¹
364 790 405 854 ad
439 786 501 872 Ag.
531 792 575 853 20
605 789 648 853 de
682 786 825 854 elisione
859 791 892 853 in
926 803 999 876 enar
1033 803 1110 872 post
1144 791 1281 877 tertium
1318 792 1459 873 pedem.

175 889 292 980 ltaque
316 898 417 961 etiam
443 911 506 982 ἐμήν
528 898 562 959 in
589 891 652 978 Ag.
681 899 719 958 14
744 898 862 978 utique
888 897 1098 961 servandum
1126 895 1208 960 mihi
1233 897 1374 962 videtur
1390 917 1457 964 nec

175 1004 375 1068 mutandum
402 1005 436 1067 in
461 1017 482 1068 τί
503 1017 555 1090 μὴν
579 1016 637 1066 aut
658 1004 691 1066 in
716 1017 794 1080 λύζω,
816 1015 877 1086 ᾄδω,
898 1015 974 1088 Eppia,
994 1017 1057 1086 ἐμοὶ,
1078 1015 1145 1086 οἴμοι
1168 1017 1241 1083 eie„
1265 1005 1449 1090 dequibus

173 1110 354 1175 doctorum
379 1109 587 1189 conjecturis
612 1105 799 1192 superfluis
822 1111 948 1192 videas,
967 1110 1008 1174 ad
1037 1128 1071 1174 v.
1100 1113 1139 1174 14
1164 1109 1368 1176 Weckleinii
1389 1130 1444 1195 ap-

174 1218 352 1300 pendicem
390 1218 475 1281 mira
511 1233 588 1281 cum
620 1217 855 1281 industria‘et
887 1216 1061 1300 diligentia
1093 1220 1318 1300 compositam
1351 1231 1382 1282 11
1411 1233 1443 1284 ut

174 1320 307 1388 Orcum
333 1325 459 1402 omnia,
485 1336 521 1386 ut
545 1324 654 1405 ipsius
679 1321 799 1387 verbis
820 1336 910 1402 utar,
936 1323 1191 1388 recondentem.
1239 1321 1312 1406 Qui
1338 1339 1447 1390 autem

173 1427 360 1496 offenditur
385 1429 585 1506 malosono
605 1427 854 1494 vocabulorum
880 1444 1040 1512 (ἑπιονοποπν)
1064 1446 1144 1517 μένην
1163 1445 1235 1518 ἐμήν,
1256 1433 1452 1496 monendus

107 1621 109 1628 y
173 1550 225 1601 est
249 1531 393 1601 aliorum
421 1535 587 1614 locorum,
611 1537 671 1618 qui
696 1535 843 1600 similem
868 1551 1032 1622 ννονοοονῑον
1055 1535 1221 1602 exhibent
1245 1537 1342 1603 velut
1360 1537 1453 1605 Cho.

172 1647 237 1706 847
263 1657 412 1728 ἠκούσαμεν
433 1657 482 1723 μέν,
669 1719 670 1722 ¹

215 1741 218 1746 ’
261 1747 379 1834 ltaque
403 1748 503 1832 plane
527 1750 698 1813 assentior
723 1747 906 1829 Verrallio,
931 1767 1008 1815 cum
1041 1751 1224 1816 contendat
1248 1766 1313 1837 ἐμήν
1339 1769 1454 1834 neque
1501 1785 1506 1792 ·

174 1853 413 1939 inexplicabile
446 1873 558 1939 neque
589 1869 790 1938 corruptum
822 1874 910 1935 esse,
941 1857 974 1922 id
999 1859 1091 1940 quod
1126 1857 1265 1940 plurimi
1298 1869 1454 1924 statuunt

143 1962 263 2050 lapan
285 1965 313 2028 is
338 1961 536 2044 commonly
564 1963 692 2027 treated
718 1981 755 2027 as
780 1962 1008 2046 inexplicable
1039 1965 1104 2029 and
1129 1978 1282 2047 corrupt,
1312 1963 1383 2044 but,
1415 1983 1453 2029 as

173 2067 185 2133 Ι
211 2067 320 2149 think,
344 2067 490 2134 without
515 2067 675 2153 reason‘).

260 2174 297 2240 ln
324 2195 356 2240 v.
385 2180 423 2239 14
448 2193 499 2258 sq.
524 2174 703 2240 Mediceus
729 2169 819 2240 lecte
845 2174 962 2240 habet:
988 2191 1133 2262 οόβοςπὰρ
1149 2191 1297 2242 ον111πνοο
1313 2189 1450 2261 :apam-

171 2300 254 2350 11111
276 2300 315 2370 μὴ
335 2295 449 2365 bahaluc
469 2297 586 2368 βλέφαρα
606 2297 746 2368 συμβαλεῖν
765 2298 842 2367 ὕπνῳ,
886 2280 973 2346 [llud
999 2295 1058 2348 ἀνθ’
1073 2295 1149 2348 ὕπνου
1173 2281 1354 2347 Wecklein
1386 2280 1449 2348 Oi.

172 2391 246 2454 sine
268 2391 357 2470 justa
382 2405 482 2453 causa
508 2402 616 2453 mutat
648 2391 681 2453 in
708 2403 846 2470 ὰνπεπνοος,
873 2389 1057 2471 quodiam
1084 2407 1148 2453 suo
1178 2391 1254 2470 jure
1286 2391 1319 2453 in
1352 2389 1451 2454 dubi-

172 2499 332 2561 tationem
359 2499 495 2561 vocavit
527 2493 676 2560 Roemer
708 2485 778 2559 1.·l'.
810 2513 842 2579 p.
876 2499 951 2574 240,
986 2498 1044 2580 qui
1078 2496 1121 2560 de
1155 2497 1325 2562 eiusmodi
1360 2497 1449 2580 apud

172 2599 384 2686 Aeschylum
411 2601 650 2668 iterationibus
675 2603 983 2687 (1ονοο,1πνῳ11)1111
1012 2603 1178 2669 disseruit
1206 2622 1239 2687 p.
1269 2607 1334 2667 2327
1364 2622 1448 2687 sqq,

171 2729 247 2775 cum
273 2710 412 2788 diceret,
438 2709 472 2774 id
497 2710 589 2792 quod
616 2712 680 2774 iarn
708 2708 826 2794 Bergk
851 2708 929 2775 hist.
955 2709 1016 2774 litt.
1043 2706 1108 2775 Gr.
1140 2708 1186 2774 ill
1217 2729 1248 2794 p.
1274 2715 1334 2774 351
1364 2711 1449 2774 indi-

170 2829 317 2896 caverat,
331 2834 388 2880 eas
403 2829 575 2899 tamquam
599 2816 826 2899 simplicitatis
844 2815 935 2880 illius
953 2816 1032 2896 stili,
1050 2834 1152 2900 quem
1171 2831 1296 2881 vocant
1312 2817 1447 2881 archae-

171 2943 241 3004 um,
265 2926 423 3008 proprias
457 2940 545 2988 esse.
597 2921 809 3005 Nuperrime
833 2925 962 3005 optime
987 2936 1020 2986 et
1043 2921 1306 3006 diligentissime
1329 2923 1372 2988 de
1397 2923 1442 2986 his

170 3031 324 3096 eiusdem
363 3030 522 3101 vocabuli
562 3030 651 3113 apud
693 3025 906 3112 Aeschylum
955 3028 1220 3112 repetitionibus
1260 3030 1442 3113 disputavit

171 3135 341 3217 Woelffel,
378 3133 519 3202 Gleich·
553 3137 622 3201 und
659 3133 840 3219 Anklinge
877 3135 931 3200 bei
968 3133 1174 3218 Aeschylus.
1233 3135 1353 3220 Progr.
1388 3137 1448 3201 des

170 3262 282 3308 neuen
309 3240 442 3327 Gymn.
462 3242 635 3326 Bamberg
662 3245 755 3306 1906.
805 3241 972 3327 Equidem
999 3242 1205 3307 crediderim
1230 3241 1450 3326 hicpsycho-

170 3350 275 3434 logica
298 3351 341 3415 de
370 3368 470 3415 causa
500 3348 705 3432 duplicatam
739 3366 816 3413 esse
845 3367 966 3414 vocem
998 3349 1101 3428 illam,
1132 3367 1208 3413 cum
1242 3348 1305 3413 hoc
1334 3351 1448 3432 ipsum

170 3476 238 3522 non
262 3458 416 3523 dormire
442 3472 616 3535 11ν11πνοο,
641 3471 841 3543 μὴ...1πνῳ)
865 3454 1109 3521 molestissime
1142 3453 1227 3521 ierat
1257 3455 1449 3535 excubitor,

169 3564 213 3629 ob
235 3582 379 3648 eamque
405 3582 476 3628 rem
504 3576 555 3628 ter
579 3560 635 3647 (ci.
653 3565 753 3627 etiam
780 3577 888 3648 ὸνοῑοονς
909 3577 954 3628 oia
977 3578 1197 3650 ὲποποποομένην
1230 3583 1262 3627 v.
1292 3560 1344 3646 13)
1363 3561 1450 3626 hanc

170 3674 342 3736 miseriam
378 3689 456 3735 eum
493 3687 777 3736 commemorare.
826 3667 1008 3734 Praeterea
1042 3672 1086 3751 id,
1118 3671 1210 3754 quod
1244 3668 1345 3734 Blass
1381 3669 1448 3752 (ed.

162 3774 345 3861 ¹Choeph.)
369 3778 411 3842 de
437 3796 598 3842 sermone
625 3773 775 3844 Cilissae
800 3777 891 3856 dicit,
917 3795 1019 3861 quam
1046 3780 1196 3842 maxime
1217 3779 1375 3861 exiguam
1402 3775 1450 3840 lo·

169 3886 296 3967 quendi
323 3881 515 3949 facultatem
541 3902 623 3967 prae
648 3902 685 3948 se
717 3881 807 3948 ferre
839 3885 1025 3964 contendit,
1055 3882 1136 3966 (,die
1168 3883 1347 3948 idiotische
1377 3880 1450 3947 Un-

170 3988 403 4055 beholienheit
434 3991 496 4055 der
527 3989 657 4072 Rede‘),
694 3991 877 4073 quodiam
910 4009 1014 4074 supra
1053 3989 1334 4074 significavimus,
1365 4007 1449 4074 quo-

168 4097 353 4163 dammodo
384 4100 535 4163 etsiamsi
568 4116 636 4162 non
666 4115 774 4181 aeque
804 4111 905 4182 atque
934 4100 967 4162 in
1002 4101 1170 4163 nutricem
1204 4100 1235 4162 in
1269 4099 1447 4161 custodem

168 4222 306 4287 quoque
323 4204 445 4269 cadere
471 4203 553 4269 mihi
584 4205 724 4269 videtur
748 4218 780 4269 et
804 4203 849 4269 ob
874 4203 960 4269 hanc
985 4207 1093 4288 ipsam
1120 4221 1256 4268 causam
1282 4221 1449 4268 excusare

168 4311 338 4376 eiusmodi
370 4313 578 4376 iterationes
632 4308 774 4376 Accedit
803 4312 896 4394 quod
931 4311 986 4375 illa
1019 4326 1085 4376 tam
1116 4324 1261 4395 yenusta
1291 4310 1448 4392 cogitatio

168 4431 287 4500 poetae
311 4417 427 4482 dicere
451 4407 601 4482 volentis
628 4436 696 4483 non
722 4431 758 4483 ut
779 4417 861 4482 alias
880 4420 984 4501 ,quasi
1004 4411 1171 4483 Somnum
1197 4417 1301 4481 deum
1325 4414 1448 4498 (Ὕπνος,

168 4541 269 4607 quem
296 4541 373 4589 cum
408 4520 511 4589 fratre
545 4525 682 4608 gemino
707 4537 863 4601 11οῑνοπος1
895 4522 1074 4589 lictoribus
1106 4541 1208 4606 saepe
1240 4540 1446 4606 expressum
