3216 5040
605 285 608 293 “
716 291 875 346 -35—

154 454 280 527 sperat,
306 442 326 503 i.
351 457 381 504 e.
406 438 448 502 ad
473 455 529 503 res
556 434 706 518 luturas3
731 439 838 502 immo
871 438 904 501 in
932 438 1020 501 tristi
1045 439 1239 520 praesentis
1272 438 1439 519 temporis

152 562 242 614 statu
267 547 394 611 domus
419 557 581 610 versatur
605 543 650 609 ibi
677 543 860 609 excubitor
883 557 916 609 et
942 557 1012 609 tum
1040 545 1153 627 ipsum
1184 546 1217 608 in
1243 562 1305 609 sua
1330 545 1440 626 ipsius

150 671 302 739 persona
354 654 419 717 iam
468 653 572 716 sentit
615 648 775 717 effectum
824 649 927 730 illius,
975 650 1068 733 quod
1114 663 1214 715 vocat
1259 662 1436 735 ακδρὸβααλακ

153 760 234 826 Hoc
259 757 467 824 vocabulum
494 759 597 842 igitur
613 770 770 822 accurate
794 755 837 821 ab
862 757 970 822 altero
994 754 1119 840 (αλκῑςακ,
1144 756 1238 840 quod
1258 755 1438 821 Hermann

155 867 176 932 1.
201 866 222 931 1.
247 885 278 950 p.
304 869 370 930 364
395 877 487 931 recte
511 865 593 928 dicit
618 881 686 928 non
712 865 882 947 participii
907 864 969 929 sed
994 864 1153 945 adjectivi
1188 876 1356 946 potestate
1380 881 1442 947 po·

156 976 257 1040 situm
291 969 383 1055 esse)
413 970 644 1056 seperandum
675 988 738 1036 nec
768 988 845 1036 cum
873 969 1091 1036 Weckleinio
1122 985 1231 1038 εικιδακ
1266 970 1440 1037 scribente

153 1080 194 1146 ad
220 1098 324 1145 unam
350 1081 448 1163 quasi
475 1079 650 1143 notionem
676 1095 754 1142 cum
780 1095 821 1142 eo
845 1079 1125 1162 conjungendum
1151 1091 1213 1144 est.
1257 1075 1440 1143 Praeterea

152 1185 363 1254 vocabulum
388 1201 452 1271 κὲαρ
478 1184 524 1249 ibi
549 1182 732 1268 diligenter
748 1183 1018 1249 examinandum
1037 1183 1120 1249 mihi
1142 1186 1291 1250 videtur.
1331 1181 1439 1267 Quod

152 1310 274 1378 ρακακκας
290 1303 352 1378 κέαρ
373 1311 442 1358 non
468 1290 686 1376 periphrasin
712 1304 842 1382 tantum
862 1309 939 1356 esse
957 1293 1108 1357 notionis
1126 1291 1282 1357 mulieris
1301 1291 1438 1357 utillud

156 1399 303 1465 Homeri
331 1413 391 1486 ἀραρ
410 1413 434 1476 ἲς
460 1413 633 1486 Τηλεμάχοιο
662 1416 726 1482 pro
759 1394 977 1478 Telemacho,
1008 1398 1041 1463 id
1074 1398 1166 1483 quod
1192 1400 1352 1483 opinatus
1388 1413 1440 1464 est

157 1503 310 1590 Elmsley
336 1503 392 1589 (cf.
420 1495 600 1570 Hermann
626 1503 646 1569 l.
672 1502 719 1587 l),
743 1504 799 1568 vel
825 1503 909 1569 illud
935 1501 1117 1588 Sophoclis
1141 1517 1268 1592 Ἰσμήνης
1286 1520 1355 1590 κάρα
1376 1522 1439 1587 pro

155 1612 303 1693 Ismena,
328 1612 390 1678 sed
415 1629 492 1676 cum
518 1626 610 1677 certa
642 1614 677 1675 vi
706 1629 724 1675 a
755 1624 855 1695 poeta
883 1610 1043 1676 consulto
1074 1613 1220 1695 positam
1254 1629 1332 1676 esse
1363 1628 1441 1695 per-

153 1738 296 1786 suasum
324 1717 407 1783 mihi
432 1731 494 1783 est.
543 1715 743 1801 Significare
768 1719 859 1782 enim
878 1717 1048 1783 vocabulo
1071 1733 1135 1803 κέαρ
1160 1716 1236 1782 vult
1253 1731 1352 1802 poeta
1371 1736 1439 1783 non

153 1829 220 1893 iam
246 1825 371 1892 claram
398 1839 431 1890 et
463 1838 677 1890 constantem
707 1827 774 1889 viri
804 1837 954 1890 mentem
984 1824 1313 1909 intelligentiamque
1344 1824 1440 1890 velut

154 1933 430 2018 Agamemnonis
455 1933 489 1996 in
507 1931 651 1996 aedibus
675 1933 858 2015 imperare,
876 1932 937 1996 sed
955 1949 1015 1996 cor
1035 1930 1192 1996 mulieris
1208 1929 1439 1996 obscurorum

156 2039 292 2105 illorum
333 2036 517 2104 affectuum
550 2037 839 2120 voluntatumque
878 2037 1031 2121 plenum,
1067 2038 1194 2102 durum
1228 2055 1438 2122 semperque

158 2144 319 2211 mutabile
344 2158 377 2210 et
408 2146 555 2224 varium,
587 2161 689 2228 quam
719 2143 870 2210 obrem
904 2141 1041 2209 Verrall
1065 2144 1320 2209 adnotationem
1347 2144 1437 2210 illam

157 2252 263 2338 (,wild
289 2250 385 2317 freak
407 2249 446 2316 ol
461 2249 517 2315 the
534 2248 677 2333 queen’s
702 2252 894 2334 capricious
920 2247 1047 2335 fancy‘)
1073 2251 1197 2316 melius
1222 2251 1263 2315 ad
1289 2250 1439 2317 vocabu-

156 2359 226 2424 lum
251 2377 314 2446 κέαρ
339 2377 442 2442 quam
468 2358 510 2422 ad
535 2371 638 2432 ὲιαιιρκ
664 2356 817 2422 scribere
842 2358 972 2423 debuit.
1022 2356 1150 2444 ltaque,
1177 2372 1302 2424 utrem
1321 2361 1439 2442 paucis

153 2468 374 2550 complectar,
391 2466 546 2530 omnium
565 2467 694 2548 optime
712 2464 796 2530 mihi
810 2463 977 2549 probatur
991 2467 1284 2549 interpretationis
1299 2463 1440 2530 Schnei-

156 2575 283 2638 dewini
309 2572 580 2656 pars-quaedam
613 2572 654 2636 ad
687 2590 720 2636 v.
749 2576 789 2637 10
819 2585 852 2637 et
884 2576 923 2637 12
955 2569 1027 2656 (,So
1052 2585 1233 2657 gestrenge
1258 2571 1353 2638 liihrt
1383 2573 1439 2638 die

158 2677 290 2742 Herrin
316 2677 378 2741 das
404 2677 586 2763 Regiment
610 2726 618 2742 .
642 2727 651 2742 .
678 2733 684 2745 .
733 2677 799 2742 Die
824 2693 963 2763 strenge
984 2677 1096 2744 Zucht
1120 2679 1183 2745 der
1201 2677 1332 2744 Herrin
1350 2681 1438 2744 wird

158 2785 236 2849 dem
275 2782 402 2849 milden
436 2782 571 2851 Walten
608 2785 670 2850 des
703 2784 873 2870 geliebten
910 2784 1028 2851 Herrn
1064 2785 1344 2852 kontrastierend
1377 2805 1440 2850 zur

157 2888 250 2958 Seite
275 2889 443 2975 gestellt.‘)

246 3051 399 3119 Brevius
423 3056 489 3119 iam
515 3068 649 3119 ceteros
675 3054 769 3118 locos
795 3056 860 3118 iam
886 3069 1088 3138 persequar.
1136 3051 1226 3118 Vide
1251 3072 1284 3118 v.
1307 3058 1341 3118 11
1363 3071 1438 3137 sqq.

157 3161 345 3225 secundun]
372 3159 534 3226 Verrallll
560 3162 873 3243 interpunctionem
900 3172 948 3228 εὖτ’
973 3177 1003 3226 ἂν
1022 3173 1259 3244 denuntiationem
1277 3173 1397 3246 ἔνδροσόν
1418 3177 1438 3226 c'

158 3262 209 3332 ἔχω
222 3263 298 3337 εὐνὴν
313 3263 418 3337 ὀνείροις
439 3265 484 3318 οὐκ
505 3265 726 3337 ἐπισκοπουμένην
746 3264 991 3336 ἐμήν1ρόβοςγὰρ
1012 3264 1069 3316 ἀνθ’
1089 3265 1166 3316 όπνου
1186 3270 1346 3335 παραστατεῖ
1357 3264 1383 3315 τό
1399 3265 1438 3337 μή

156 3353 269 3422 βεβαίως
289 3354 411 3426 βλὲραρα
435 3354 577 3425 συμβαλεῖν
604 3355 683 3426 ὕπνῳ)
706 3353 774 3417 ,ὅταν
800 3352 822 3404 δ’
846 3354 938 3406 αείδειν
962 3354 982 3426 ἢ
1008 3354 1160 3425 μινύρεσθαι
1184 3352 1260 3417 δοκῶ,
1283 3353 1362 3404 boton
1387 3351 1439 3405 τόδ’

157 3442 311 3513 ἀντίμολπον
331 3444 453 3513 ἐντέμνων
473 3444 542 3508 ἄκος,
560 3443 645 3495 κλαίω
665 3441 713 3496 τότ’
733 3440 805 3495 οἴνου
824 3443 897 3495 τοῦδε
918 3446 1052 3514 συμφορὰν
1072 3443 1171 3507 στένων,
1192 3441 1238 3512 οὺχ
1252 3442 1287 3504 ὡς
1299 3443 1331 3493 τὰ
1344 3443 1440 3513 πρόσθ’

155 3547 248 3620 ἄρκακα
285 3548 496 3619 υααακωρέκαα
530 3530 1285 3620 —Wilamowitz,griechischeTragoedien
1305 3531 1439 3613 ll.Bd.,

154 3640 210 3706 die
237 3637 379 3705 Orestie
407 3643 492 3705 1900
520 3659 552 3724 p.
588 3646 651 3707 116
681 3640 904 3707 scribendum
930 3655 1048 3707 censet
1073 3655 1152 3708 κννακ
1183 3659 1247 3724 pro
1271 3651 1321 3707 aba
1347 3655 1376 3706 ᾱκ
1406 3654 1440 3706 et

155 3749 403 3829 interpretatur
447 3749 591 3829 ‚iacere‘‚
627 3746 683 3829 (da
718 3768 816 3814 muss
845 3748 898 3814 ich
934 3746 1080 3834 liegen‘).
1129 3745 1197 3813 Sed
1228 3762 1306 3815 κωκυ
1336 3749 1440 3832 signi-

155 3850 242 3934 ficat,
278 3852 438 3934 ‚cubare‘,
474 3854 661 3936 ,dormire‘‚
697 3870 730 3921 at
766 3855 832 3921 hoc
868 3859 982 3939 ipsum
1024 3856 1178 3921 dormire
1207 3856 1352 3921 vetitum
1386 3869 1439 3920 est

155 3960 340 4041 exubitori‚
365 3960 399 4024 id
435 3962 631 4046 quodcum
657 3981 757 4047 aegre
784 3961 880 4044 ierat,
906 3965 1045 4046 saepius
1070 3976 1172 4046 atque
1197 3964 1321 4027 iterum
1345 3979 1439 4026 com·

157 4081 343 4148 memora13
362 4066 404 4133 Cf.
421 4082 498 4156 εὐνὴν
517 4084 624 4156 ὀνείροις
644 4083 689 4137 οὐκ
710 4084 933 4159 ἐπισκοπουμένην
944 4088 978 4134 V.
1000 4073 1038 4134 13
1058 4083 1139 4156 φόβος
1152 4086 1201 4154 γὰρ
1215 4083 1275 4135 ἀνθ’
1289 4083 1366 4134 ὕπνου
1385 4102 1438 4133 πα-

156 4194 275 4256 ραστατεῖ
295 4191 335 4256 14,
357 4193 385 4243 τὸ
406 4193 445 4264 μὴ
466 4191 579 4259 βεβαίως
599 4192 719 4264 βλέφαρα
739 4192 881 4262 συμβαλεῖν
905 4193 974 4262 όπνῳ
996 4193 1037 4244 15.
1086 4173 1195 4259 QuOd
1226 4190 1339 4240 aulem
1366 4173 1439 4240 Wl-

156 4276 325 4346 lamowitz
362 4281 446 4348 illud
489 4297 688 4362 ,ακακαλακυαν
725 4283 939 4350 excubitoris
968 4295 1027 4362 (aba
1044 4296 1152 4349 ἅκ-οκακ
1171 4296 1203 4363 δ’)
1236 4300 1322 4348 voce
1361 4296 1439 4349 αυδακ

156 4384 275 4452 tollere
299 4389 426 4472 studet,
450 4408 568 4456 errare
594 4389 676 4455 mihi
702 4391 859 4471 videtur3
885 4408 962 4454 nam
988 4389 1147 4455 consulto
1173 4403 1209 4454 ut
1234 4391 1268 4454 in
1286 4388 1438 4454 hominis

153 4493 307 4578 vulgaris
332 4514 495 4564 sermone
518 4516 536 4562 a
561 4511 661 4582 poeta
686 4498 719 4562 id
745 4500 895 4580 positum
922 4513 1000 4562 esse
1026 4514 1233 4581 persuasum
1259 4495 1342 4561 mihi
1368 4508 1437 4576 est3

154 4597 241 4666 bene
265 4605 330 4668 iam
358 4601 600 4671 Schneidewin
627 4606 760 4670 monuit
784 4607 927 4669 omnino
944 4606 978 4668 in
996 4603 1061 4668 hoc
1079 4621 1241 4669 sermone
1258 4603 1436 4687 vulgarem
