3216 5040
726 239 883 292 ...18-

166 405 266 451 orum
291 365 327 452 ui
351 387 550 468 opinionem
577 401 658 468 prae
683 403 720 449 se
745 382 870 464 lerunt,
896 385 1078 450 utilissima
1109 404 1187 464 esse
1211 388 1290 469 quis
1323 389 1446 475 neget?

168 491 282 578 Atque
313 493 374 558 hac
404 511 449 556 ex
478 506 574 574 parte
606 495 806 575 nuperrime
837 494 938 556 etiam
972 492 1088 558 Erwin
1122 493 1244 558 Rhode
1276 495 1445 562 excellen-

167 601 300 665 tissimo
330 597 420 663 libro
454 595 579 681 suo,7¹)
612 599 671 680 qui
703 597 904 663 inscribitur
938 597 1086 682 Psyche,
1118 588 1291 680 ejusmodi
1323 604 1442 668 studiis

164 705 354 790 plurimum
380 701 520 788 profuit.
577 702 654 770 Hoc
685 722 824 788 quoque
856 718 947 770 recte
972 703 1202 771 Wilamowitz
1232 706 1367 789 (histor.
1398 711 1441 774 lit.

166 808 292 878 Graec.
329 815 414 876 1906
446 829 479 894 p.
513 809 603 892 45⁷2)
638 808 841 895 significavit
874 829 938 876 nos
970 809 1183 895 Aeschylum
1219 831 1288 878 non
1317 817 1442 880 intueri

165 918 293 985 debere
317 916 400 982 solis
425 917 535 982 oculis
558 918 644 997 ejus,
681 920 739 1000 qui
770 920 974 986 nostratium
1008 916 1123 1003 lingua
1155 922 1321 984 nominari
1353 912 1442 986 solet

164 1023 405 1106 ,Rationalist.‘
746 1045 748 1048 ·
966 1009 969 1028 '
1444 1019 1446 1026 ’

253 1183 331 1250 Sola
367 1187 479 1269 igitur,
513 1200 550 1250 ut
585 1201 755 1249 summam
789 1187 908 1268 paucis
941 1185 1222 1269 complectamur,
1259 1185 1436 1269 explicatio

164 1294 394 1376 grammatica,
419 1293 544 1371 critica,
577 1290 694 1375 logica,
725 1292 825 1370 cujus
854 1290 1053 1374 exemplum
1084 1292 1247 1357 omnibus
1279 1290 1351 1358 fere
1382 1311 1441 1356 nu-

164 1401 270 1464 meris
294 1396 491 1463 absolutum
518 1394 762 1463 Godofredum
791 1395 1086 1481 Hermannume)
1118 1399 1269 1464 edidisse
1299 1413 1442 1479 constat,

164 1507 324 1589 quamvis
349 1507 392 1569 sit
416 1507 649 1569 necessarium
677 1501 950 1583 fundamentum,
982 1518 1095 1569 tamen
1129 1524 1196 1572 non
1222 1503 1384 1571 sufficere
1407 1507 1440 1569 in

165 1610 342 1704 Aeschylo
366 1625 465 1695 poeta
484 1610 609 1677 Bacchi
634 1611 759 1676 ardore
784 1609 886 1694 pleno
912 1609 994 1677 mihi
1020 1612 1169 1692 videtur,
1195 1613 1256 1677 sed
1281 1615 1439 1696 conjungi

163 1737 241 1784 cum
260 1737 297 1785 ea
315 1731 452 1802 oportet
473 1721 790 1802 interpretationem
809 1717 1099 1802 psychologicam,
1116 1719 1335 1785 aestheticam
1354 1738 1443 1784 eam-

163 1844 242 1909 que,
266 1843 353 1909 quae
379 1824 562 1909 religiones
588 1822 754 1907 Aeschyli
778 1840 880 1909 atque
905 1829 1047 1891 omnino
1078 1829 1182 1891 totius
1207 1825 1300 1891 illius
1325 1829 1443 1892 aetatis

164 1947 313 1997 mentem
339 1930 605 2014 voluntatesque
630 1934 798 2014 cognitam
825 1945 1110 2015 perspectamque
1135 1932 1267 1998 habeat.

253 2091 322 2157 Iam
348 2093 551 2158 accedamus
575 2093 616 2156 ad
642 2092 675 2156 id
701 2094 826 2174 ipsum,
859 2093 952 2175 quod
985 2091 1085 2156 nobis
1114 2096 1374 2176 proposuimus
1407 2106 1443 2155 ut

164 2197 292 2264 Blassii
327 2199 347 2264 l.
380 2199 400 2264 l.
434 2201 477 2265 de
510 2199 659 2264 Medicei
692 2202 899 2282 praestantia
932 2199 1048 2280 judicii
1074 2203 1309 2266 auctoritatem
1335 2201 1441 2265 secuti

162 2305 291 2389 aliquot
317 2305 479 2373 Orestiae
504 2306 599 2371 locos
624 2306 813 2370 secundum
841 2305 948 2370 bonas
974 2305 1077 2386 hujus
1102 2307 1229 2371 codicis
1252 2309 1443 2390 scripturas

163 2431 280 2477 rerum
316 2416 536 2497 potissimum
579 2426 612 2478 et
654 2411 901 2478 sententiarum
943 2432 1097 2478 conexus
1132 2427 1233 2496 atque
1270 2417 1444 2504 sermonis
1485 2402 1492 2406 ’

164 2517 349 2603 Aeschylei
374 2523 594 2604 proprietatis
628 2522 760 2584 ratione
791 2519 904 2585 habita
936 2523 1215 2603 interpretemur,
1247 2523 1275 2584 si
1310 2525 1440 2586 variam

162 2626 425 2710 explicationem
463 2627 658 2708 admittunt,
694 2641 728 2691 et
761 2646 778 2691 a
813 2629 1043 2692 recentiorum
1081 2628 1299 2707 conjecturis
1336 2631 1364 2692 si
1401 2629 1441 2693 ad

163 2736 267 2798 totius
292 2732 357 2798 loci
381 2753 522 2798 sensum
558 2735 806 2799 accommodati
838 2749 929 2814 sunt,
962 2748 1120 2815 tueamur
1154 2752 1196 2798 ne
1229 2735 1271 2798 iis
1300 2735 1440 2818 quidem

163 2840 337 2925 neglectis
362 2858 449 2924 quae
482 2843 547 2905 iam
575 2841 634 2906 diu
660 2855 803 2924 propter
828 2840 1014 2905 multorum
1041 2840 1192 2905 novandi
1217 2841 1437 2924 cupiditatem

162 2947 338 3012 oblivione
361 2947 485 3012 obruta
510 2961 601 3013 recte
626 2947 841 3031 aprioribus
871 2950 1009 3012 inventa
1040 2962 1129 3016 sunt.
1178 2946 1337 3030 Namque
1361 2963 1439 3008 cum

107 3057 110 3062 '
162 3053 378 3120 Weckleinio
403 3053 470 3139 (ed.
497 3053 624 3120 Aesch.
653 3059 735 3119 1885
760 3052 867 3137 praei.
898 3073 929 3138 p.
955 3053 1017 3137 XI)
1043 3053 1125 3119 mihi
1151 3071 1288 3138 quoque
1319 3069 1441 3134 persu-

161 3179 258 3226 asum
284 3175 336 3228 est
359 3161 507 3245 plurima
532 3179 635 3248 grana
660 3180 762 3226 aurea
788 3163 887 3227 etiam
910 3164 943 3225 in
963 3163 1187 3226 recrementis
1204 3160 1316 3224 abdita
1334 3159 1439 3223 latere

161 3268 205 3333 ob
242 3286 386 3352 eamque
422 3287 494 3334 rem
522 3271 777 3333 sanctissimum
807 3266 959 3333 officium
993 3286 1070 3333 cum
1105 3268 1226 3332 eodem
1251 3266 1364 3348 judico
1390 3283 1439 3346 ea,

161 3394 248 3459 quae
274 3375 330 3440 alii
354 3377 585 3460 protulerunt,
625 3388 665 3441 et
691 3378 832 3440 novisse
864 3391 896 3441 et
922 3389 1013 3439 recte
1043 3378 1235 3455 aestimare,
1261 3392 1441 3450 non-con-

162 3497 326 3563 temnere,
356 3501 422 3566 qua
451 3483 494 3548 dc
529 3500 629 3547 causa
663 3485 764 3547 etiam
798 3484 973 3565 copiosam
1009 3480 1098 3544 illam
1134 3479 1303 3546 librorum
1336 3499 1353 3544 a
1385 3497 1437 3542 me

160 3588 393 3655 adhibitorum
419 3592 516 3654 initio
541 3589 645 3671 hujus
670 3588 775 3654 libelli
800 3590 1095 3652 enumerationem
1131 3590 1290 3652 excusari
1324 3585 1436 3652 velim.

160 3693 241 3778 Qua
266 3698 299 3760 in
326 3715 363 3761 re
387 3697 480 3779 quod
506 3699 570 3779 ipsi
597 3696 687 3761 haud
713 3696 818 3761 multa
839 3694 1005 3760 exhibere
1023 3713 1211 3778 possumus
1229 3713 1319 3760 nova
1338 3694 1439 3776 idque

160 3802 223 3866 hac
247 3805 467 3886 potissimum
493 3817 601 3868 aetate
626 3821 695 3868 non
721 3803 832 3868 solum
867 3803 1061 3883 utilitatum,
1093 3819 1216 3866 verum
1249 3803 1350 3865 etiam
1381 3818 1440 3864 no-

162 3928 282 3974 varum
310 3928 426 3975 rerum
453 3911 685 3992 rapacissima,
717 3913 798 3976 satis
828 3910 1012 3974 habuimus
1042 3928 1079 3974 ea
1111 3908 1230 3974 saltem
1263 3911 1295 3972 in
1329 3907 1439 3971 lucem

160 4035 283 4082 rursus
309 4014 478 4101 proferre,
503 4035 591 4100 quae
616 4017 672 4082 alii
698 4017 785 4082 bene
810 4032 843 4082 et
868 4031 959 4082 recte
979 4019 1193 4100 excogitasse
1219 4014 1301 4079 mihi
1320 4013 1442 4078 viden-

161 4131 215 4189 tur
249 4139 424 4190 memores
457 4123 519 4188 hac
553 4142 692 4208 quoque
726 4127 758 4188 in
795 4143 833 4189 re
866 4124 958 4189 illius
984 4121 1179 4190 Goetheani
1214 4139 1337 4187 verum
1373 4123 1439 4184 iam

159 4232 293 4314 pridem
320 4235 502 4296 inventum
529 4246 561 4297 et
586 4234 789 4315 saepissime
813 4232 929 4297 denuo
954 4232 995 4297 ad
1013 4231 1097 4296 illud
1116 4229 1332 4296 redeundum
1351 4244 1439 4290 esse.

161 4335 393 4420 Conjecturas
417 4351 530 4402 autem
557 4339 762 4422 plerumque
788 4356 856 4402 non
879 4338 1107 4403 admittendas
1131 4352 1256 4400 censeo
1281 4335 1346 4398 nisi
1371 4348 1440 4411 eas,

159 4444 287 4528 quibus
313 4463 379 4510 una
409 4443 465 4511 vel
499 4444 603 4512 altera
635 4444 782 4537 Medicei
817 4443 928 4510 littera
960 4459 1086 4509 mutata
1118 4455 1175 4508 aut
1204 4442 1353 4507 detracta
1383 4451 1441 4502 aut

158 4552 272 4617 addita
297 4569 411 4617 novus
436 4553 575 4634 quidam
603 4570 728 4617 sensus
753 4549 906 4617 efficitur
931 4554 990 4617 toti
1016 4551 1091 4616 loco
1116 4551 1327 4633 aptissimus.
