3216 5040
735 223 937 280 -40-'

174 373 257 439 nihil
283 373 373 439 aliud
399 374 514 439 dicere
540 372 614 438 vult
639 375 704 439 nisi
730 365 767 438 s'e
793 373 932 456 quidem
958 374 1145 455 interdum,
1179 375 1212 439 id
1237 374 1329 457 quod
1355 373 1463 438 valde

174 496 315 546 naturae
351 494 620 545 consentaneum
658 493 720 560 est,
757 497 819 562 per
851 497 956 564 pauca
989 495 1163 546 momenta
1196 479 1463 546 obdormiscere

174 590 341 671 coepisse,
366 587 427 652 sed
453 589 577 651 timore
607 587 830 669 perterritum
865 605 975 670 usque
1005 589 1191 652 excitatum
1224 603 1261 652 se
1289 602 1367 651 esse
1402 589 1460 667 ita,

173 708 210 760 ut
234 673 296 778 per
321 708 424 761 totam
451 706 584 758 noctem
610 695 747 776 (βεβαίως)
773 711 815 758 ne
840 692 947 758 semel
972 694 1111 776 quidem
1139 707 1209 759 toto
1226 711 1317 758 anno
1334 711 1462 759 conso-

173 784 306 884 piretur
330 819 465 867 somno.
515 798 592 865 Hoc
617 817 757 886 quoque
781 799 912 880 dubito,
936 818 978 865 an
1010 799 1100 865 illam
1126 802 1170 866 de
1199 814 1310 865 morte
1340 799 1462 865 allusi-

172 926 274 974 onem
301 922 512 993 spectatores
537 925 605 971 non
632 909 744 972 statim
771 920 862 972 recte
887 905 1132 987 intellexerint,
1156 922 1258 991 atque
1287 921 1460 990 spectato-

173 1014 270 1079 ribus
304 1012 518 1098 Aeschylum
553 1011 684 1080 labulas
713 1009 907 1096 scripsisse,
938 1032 1006 1079 non
1039 1013 1228 1080 lectoribus
1264 1028 1300 1078 ut
1336 1029 1455 1097 poetas

173 1111 432 1186 Alexandrinos
457 1121 522 1186 hoc
546 1137 685 1205 quoque
710 1119 784 1186 loco
809 1121 1034 1185 recordemur
1052 1137 1225 1186 memores
1242 1122 1344 1186 etiam
1365 1120 1450 1186 illius

174 1226 390 1294 Dindorliani
416 1225 596 1311 (Aeschyli
627 1241 720 1311 trag,
747 1226 882 1310 Lipsiae
910 1231 1004 1307 1857,
1029 1225 1135 1311 prael.
1161 1245 1193 1311 p.
1218 1226 1274 1310 72)
1304 1211 1449 1308 ,veteres

26 1315 38 1400 J
125 1409 127 1414 ,
173 1333 416 1428 Athenienses,
441 1333 569 1419 quibus
595 1332 832 1398 fabulas‘suas
857 1351 1016 1400 summus
1046 1349 1145 1418 poeta
1170 1335 1319 1418 scripsit,
1339 1333 1452 1398 nullos

172 1443 254 1507 dum
280 1441 443 1542 habuisse
467 1439 671 1525 philologos,
696 1442 755 1523 qui
779 1439 835 1505 vel
854 1440 1088 1524 spectantibus
1113 1444 1146 1506 in
1166 1440 1298 1506 theatro
1316 1455 1456 1525 praesto

173 1556 291 1615 essent
316 1548 370 1615 vel
388 1566 451 1632 per
469 1547 711 1632 ephemerides
728 1562 762 1612 et
778 1550 1045 1613 commentarios
1063 1547 1316 1632 inexplicabilia
1333 1549 1454 1615 eadem

69 1713 72 1722 s
172 1655 479 1741 quaexplicabilia
505 1652 664 1720 facilitate
689 1655 1020 1738 interpretarentur‘.

262 1763 533 1850 Progrediamur
562 1765 640 1862 iam¹
659 1762 700 1826 ad
726 1781 759 1826 ν.
788 1765 841 1826 20.
878 1779 947 1844 sq:
971 1784 1013 1828 tot
1032 1775 1053 1826 δ’
1074 1775 1185 1849 aarum
1205 1777 1294 1846 yeme
1308 1776 1454 1849 ἀπαλλαγὴ

18 1881 19 1940 ἶ
114 1851 123 1893 '¹
172 1887 254 1937 πόνων
274 1884 418 1956 εὐαγγέλου
440 1883 559 1955 φανέντος
579 1882 703 1954 ὀρφναίου
723 1881 808 1954 nophe.
838 1866 922 1932 POSl
939 1866 1030 1933 hunc
1042 1885 1183 1932 versum
1197 1868 1290 1950 quOd
1301 1886 1454 1951 eil,qllile
1498 1951 1500 1956 Ι

173 1967 460 2061 modo'precatus
485 1989 557 2040 erat
586 1990 714 2055 custos,
740 1974 838 2039 brevi
860 1974 1022 2059 loquendi
1048 1993 1153 2058 pausa
1178 1972 1262 2040 lacta
1280 1972 1336 2057 (ci.
1354 1973 1455 2039 scho-

172 2084 288 2149 liastae
313 2083 437 2172 verba}
462 2097 499 2149 δεῖ
523 2097 697 2169 διαστήματος
716 2096 812 2166 ὀλίγου,
833 2079 888 2148 εἶτα
908 2096 1070 2167 ἀνακραγεῖν,
1089 2096 1125 2157 ὡς
1144 2098 1308 2166 θεασάμενον
1327 2098 1369 2148 τὸν
1388 2116 1452 2168 πορ-

172 2189 230 2274 σον)
254 2190 553 2256 statimzvidemus
579 2191 731 2269 evenire,
761 2203 797 2254 ut
823 2206 944 2253 revera
962 2191 1097 2273 signum
1118 2190 1330 2271 promissum
1350 2206 1452 2273 appa·

18 2307 20 2320 '
65 2317 66 2324 ¹
172 2299 254 2379 reat,
284 2317 352 2364 non
378 2315 567 2381 possumus
593 2314 661 2361 non
694 2287 824 2376 mirari,
853 2313 930 2360 cum
961 2314 1029 2361 non
1063 2297 1144 2360 satis
1176 2294 1451 2384 sityverisimile.

154 2394 405 2477 ‘Verisimilior
436 2417 549 2471 autem
582 2421 638 2470 res
658 2401 743 2497 ‘lieri
776 2402 858 2467 mihi
896 2403 1045 2482 videtur,
1080 2404 1107 2466 si
1139 2405 1330 2485 optativum
1366 2417 1451 2485 γένοιτ’

172 2513 217 2578 ibi
244 2527 306 2596 pro
333 2509 442 2576 forma
466 2503 659 2594 potentiali.¹
675 2510 802 2575 omissa
835 2509 998 2592 particula
1025 2523 1054 2575 ἄν
1081 2511 1231 2592 positum
1265 2527 1344 2574 esse
1372 2527 1451 2575 con-

171 2620 273 2684 cedas
298 2616 445 2684 Homeri
471 2614 643 2705 exemplo‚
668 2617 871 2700 praesertim
897 2633 974 2679 cum
1001 2613 1214 2697 Aeschylum
1243 2617 1345 2681 etiam
1372 2635 1451 2682 con·

86 2705 91 2715 ⁸
171 2727 362 2792 iuncrivum
389 2725 464 2788 sine
489 2723 608 2788 eadem
635 2723 800 2806 particula
825 2740 927 2806 saepe
952 2716 1120 2806 usurpare
1144 2735 1287 2787 constet.
1336 2720 1450 2808 Atque

139 2869 140 2874 κ
171 2833 262 2916 apud
287 2846 422 2916 poetam
450 2843 606 2895 nostrum
633 2832 667 2895 in
692 2828 804 2920 forma
828 2831 1003 2913 potentiali
1022 2847 1142 2895 vocem
1166 2843 1196 2894 ον
1219 2831 1329 2894 omitti
1346 2847 1449 2913 posse

172 2944 236 3006 iam
272 2938 422 3003 Roemer
453 2937 474 3002 l.
504 2936 524 3001 l.
551 2955 587 3020 -p.
618 2941 684 3002 2'10
715 2954 789 3021 sqq.
819 2936 978 3019 pluribus
1010 2935 1179 3019 exemplis
1210 2936 1448 3002 demonstrare
1504 2945 1506 2950 '

134 3091 138 3098 -
170 3062 314 3113 conatus
339 3058 391 3109 est
415 3041 470 3126 (p.'
486 3048 568 3107 212:
593 3040 652 3123 ,So
670 3042 806 3121 mbchte
823 3041 876 3108 ich
898 3042 989 3106 denn
1007 3042 1071 3107 der
1089 3041 1281 3126 Erwiigung
1298 3041 1446 3108 anheim-

171 3153 303 3233 stellen,
337 3150 382 3217 ob
412 3153 477 3214 wir
509 3148 602 3214 nicht
634 3148 694 3213 aul
721 3145 848 3214 Grund
880 3151 941 3214 des
973 3135 1214 3214 homerischen
1241 3145 1449 3215 Gebrauchs

171 3259 360 3344 berechtigt
384 3257 473 3337 sind,
498 3256 583 3321 auch
610 3256 664 3321 bei
683 3255 880 3340 Aeschylus
904 3257 971 3321 den
996 3239 1124 3339 potent.
1143 3253 1287 3338 Optatiy
1305 3255 1396 3322 ohne
1419 3271 1448 3323 tt

170 3364 447 3448 anzunehmen‘).
496 3361 590 3431 Cum
621 3365 742 3430 eodem
768 3362 963 3452 Mediceum
990 3362 1034 3427 ob
1066 3361 1152 3427 hanc
1181 3365 1325 3427 causam‘
1354 3378 1450 3428 tuen-

170 3476 252 3541 dum
288 3474 438 3539 al‘blll'Ol‘
470 3469 562 3538 Ch0.
595 3477 661 3536 853
699 3485 766 3538 οὔτοι
786 3484 1000 3556 ρρὲνακλέψειαν
1020 3481 1228 3558 ὠμματωμένην,
1287 3468 1448 3536 Roemel'l

170 3581 341 3665 exemplis
358 3583 432 3664 ipse
450 3571 576 3644 addere
594 3579 698 3643 velim
718 3576 780 3662 Ag.
806 3580 889 3641 1162
905 3593 1007 3659 νεογνὸς
1021 3585 1169 3663 ‘ornamur
1190 3593 1282 3662 patrat,
1303 3576 1366 3662 Ag.
1383 3582 1444 3643 611
1467 3619 1470 3624 -
1519 3634 1522 3640 .

169 3711 278 3776 γυναῖκα
297 3705 389 3776 πιστὴν
409 3701 430 3753 δ’
450 3699 474 3753 ἐν
492 3701 581 3772 δόμοις
601 3702 669 3771 εὖροι
689 3700 776 3771 μολὼν
796 3699 900 3770 οἵανπερ
922 3695 964 3750 οὖν
984 3697 1079 3762 ἔλειπε,
1105 3701 1206 3768 quam
1225 3684 1269 3749 Ob
1287 3704 1360 3751 rem
1379 3704 1446 3750 ll0ss

170 3816 247 3865 cum
261 3794 442 3862 Schuetzio
454 3808 486 3859 et
498 3793 714 3859 Weckleinio
726 3790 791 3858 Or.
801 3791 979 3856 Mediceus
992 3778 1180 3883 m'utarrdus
1189 3806 1241 3856 est
1252 3777 1285 3856 ln
1295 3785 1448 3881 ttaovet‘pq-

171 3939 209 3972 aa.
229 3920 323 3988 patrm
357 3900 471 3986 Atque
489 3903 517 3965 si
533 3901 694 3965 statueris
712 3897 949 3964 excubitorem
968 3898 1061 3982 loqui
1081 3897 1198 3962 ultima
1214 3899 1338 3964 decimi
1356 3899 1447 3964 illius

169 4012 249 4076 anni
262 4024 457 4094 postremae
469 4010 578 4072 noctis
590 4006 674 4072 hora
687 4007 784 4071 brevi
796 4021 977 4089 antequam
991 4005 1042 4070 sol
1053 4006 1240 4085 oriatur,'id
1252 4007 1344 4089 quod
1356 4024 1448 4072 com·
1521 4027 1524 4033 ’

113 4127 118 4140 ’
170 4116 338 4202 probatur
356 4113 651 4196 subsequentibus
664 4116 774 4197 prima
787 4112 862 4178 luce
876 4116 999 4192 scenis,
1016 4131 1151 4178 summa
1163 4112 1257 4177 illurn
1270 4127 1448 4196 exspecta-

172 4227 263 4289 tione
286 4237 357 4288 tum
379 4224 493 4304 ipsum
513 4238 721 4303 suspensum
740 4218 857 4301 luisse,
877 4221 969 4306 quod
988 4235 1201 4284 momentum
1220 4219 1458 4284 dramaticum

172 4328 346 4396 felicissim
360 4339 480 4411 epoeta
491 4327 601 4410 elegit,
616 4344 739 4410 negare
751 4345 819 4391 non
834 4330 974 4410 poteris,
988 4329 1190 4409 praesertim
1206 4327 1233 4389 si
1248 4329 1446 4409 respexeris

172 4421 397 4503 Calchantem
424 4431 480 4517 (cl.
508 4432 612 4497 Hom.
639 4432 668 4497 B
693 4434 771 4515 329)
805 4437 1026 4499 vaticinatum
1049 4451 1126 4498 esse
1151 4409 1289 4526 Troiam
1314 4433 1462 4503 decima.

171 4561 261 4609 anno
285 4555 420 4625 captum
447 4542 488 4606 iri
513 4554 545 4606 et
572 4541 808 4606 excubitorem
833 4545 1009 4624 opinatum
1029 4559 1106 4606 esse
1124 4559 1191 4605 non
1211 4543 1325 4605 minus
1342 4558 1443 4623 quam
