3216 5040
720 249 879 304 ...46-

152 381 253 459 detur
276 393 393 474 velim,
412 381 615 476 praesertim
639 411 716 459 cum
744 411 812 459 non
835 409 909 458 mea
926 403 1049 475 sponte
1066 391 1107 455 ad
1125 407 1198 456 eam
1217 390 1433 470 accesserim,

154 500 214 565 sed
241 502 380 585 saepius
404 512 508 584 atque
532 501 656 565 iterum
683 502 835 565 monitus
859 517 877 563 a
902 511 1036 565 rectore
1061 496 1164 562 huius
1189 498 1371 582 gymnasii.
1481 546 1482 552 1

243 606 362 672 Restat
387 619 423 672 ut
449 604 513 672 hoc
538 604 613 671 loco
638 608 763 690 gratias
788 624 883 691 agam
909 623 1011 689 quam
1040 607 1209 670 maximas
1243 601 1359 669 lwano
1392 604 1435 668 de

152 712 312 794 Mueller,
338 715 502 798 magistro
528 729 605 778 meo
627 711 863 793 dilectissimo,
887 715 942 778 cui
959 712 1154 777 dedicatum
1172 709 1263 776 hunc
1280 709 1433 774 libellum

152 820 244 886 volo.
292 818 381 885 Nam
407 818 695 903 praeclarissimis
721 818 788 884 illis
807 818 1028 900 lectionibus,
1049 836 1136 903 quas
1154 815 1320 902 Erlangae
1344 816 1434 899 apud

152 945 231 992 eum
257 938 384 993 aestate
408 928 488 991 anni
515 925 643 1008 saeculi
665 928 794 1009 prioris
809 927 1032 1010 ,nonagesimi
1057 925 1100 990 de
1127 921 1293 1008 Aeschyli
1312 921 1437 988 Eume·

153 1033 293 1099 nidibus
318 1033 446 1114 audivi,
471 1035 627 1122 primum¹
650 1052 706 1099 me
723 1033 847 1099 studiis
869 1030 1076 1116 Aeschyleis
1093 1033 1222 1114 optime
1240 1031 1448 1095 institutum

153 1147 230 1206 e‘sse
255 1130 530 1223 et'Aeschylum
551 1139 733 1205 adamasse
758 1142 987 1224 grato'animo
1011 1136 1178 1205 confiteor
1203 1139 1291 1203 sicut
1307 1138 1435 1220 pariter

153 1249 300 1331 egregiis
326 1246 401 1328 ejus
430 1247 473 1311 de
491 1244 736 1330 Aristophanis
754 1244 917 1312 Nubibus
935 1244 1151 1325 lectionibus,
1168 1262 1254 1328 quas
1267 1244 1436 1310 decennio

155 1351 226 1419 fere
251 1367 329 1437 post
354 1354 458 1420 simul
482 1371 560 1419 cum
586 1343 661 1433 ejus
680 1353 729 1418 ¹de
747 1351 999 1419 Eumenidibus
1016 1351 1222 1417 lectionibus
1241 1352 1435 1429 retractavi,

153 1477 192 1524 ac
215 1460 258 1525 de
284 1458 460 1543 Euripidis
479 1458 654 1525 Alcestide
679 1458 984 1527 exercitationibus
1009 1459 1160 1523 maxime
1188 1472 1221 1523 et
1245 1456 1436 1522 oblectatus

154 1580 187 1632 et
209 1566 347 1633 adiutus
365 1585 454 1632 sum.
495 1565 569 1632 Nec
591 1585 659 1632 non
676 1563 817 1634 'Crusio
842 1585 997 1652 magnam
1017 1568 1163 1651 'gratiam
1189 1563 1311 1645 debeo,
1336 1565 1436 1628 cuius

153 1673 197 1738 de
212 1671 394 1758 ‘Aeschyli
414 1672 675 1759 Agamemnone
697 1676 974 1754 exercitationes,
1000 1671 1127 1756 quibus
1151 1684 1278 1736 aestate
1302 1671 1437 1753 superi-

154 1782 225 1846 oris
254 1769 334 1845 anni
366 1778 518 1863 interfui,
542 1781 584 1846 ad
609 1779 788 1846 subtiliora
814 1778 981 1864 Aeschyli
1008 1779 1120 1845 studia
1145 1794 1354 1862 magnopere
1379 1794 1434 1841 me

154 1870 361 1952 excitavisse
385 1905 423 1953 ac
448 1887 532 1953 mihi
557 1890 657 1954 etiam
684 1889 718 1951 in
735 1885 799 1952 hoc
817 1886 986 1971 opusculo
1010 1884 1271 1952 conscribendo·
1287 1883 1433 1948 multum

157 1991 332 2078 proluisse
358 1992 514 2061 libenter
532 1992 651 2061 lateor.
1002 1992 1007 2002 '
