3216 5040
754 258 912 310 „aq-

175 399 295 486 sqq),
319 402 444 466 deinde
471 399 642 485 Hartungi
672 402 838 483 opinioni,
869 401 927 482 qui
960 397 1091 473 clavem
1118 396 1229 464 forma
1257 400 1354 483 pedis
1386 405 1492 466 tauri

195 506 303 573 luisse
327 522 433 591 putat,
458 507 514 572 vel
532 503 738 573 Weckleinii
757 508 878 590 ipsius,
896 509 954 590 qui
972 504 1180 570 vocabulum
1200 521 1261 588 iate
1281 505 1493 590 significare

192 614 378 680 arbitratur
391 614 503 680 lorum
519 632 562 678 ex
577 613 677 679 bovis
692 612 780 696 pelle
791 626 861 698 ,3333
873 629 958 696 aava
969 610 1292 695 (,Ochsenziemer‘,
1303 611 1487 698 ,Knute‘),

185 705 286 809 'quod
305 724 440 786 timeret
453 721 646 801 excubitor,
663 738 765 803 quam
784 722 982 805 opinionem
994 718 1129 784 Verrall
1148 721 1304 785 omnium
1324 725 1489 788 maxime

192 827 406 911 probabilem
444 845 522 892 esse
557 828 731 892 existimat
771 824 851 909 (,Of
887 845 990 910 many
1027 827 1253 906 conjectures,
1288 824 1344 891 the
1377 827 1486 894 latest

193 932 402 1017 (Wecklein)
427 933 510 1014 ,that
535 937 559 998 it
583 937 612 998 is
636 952 678 997 an
704 933 850 998 allusion
876 947 910 999 to
935 932 991 998 the
1015 946 1076 1018 3333
1091 949 1184 1012 gata-q,
1215 951 1256 997 or
1280 933 1482 1000 ox-leather

193 1059 348 1124 scourge,
373 1037 455 1105 with'
480 1039 592 1105 which
619 1040 734 1104 slaves
762 1057 855 1104 were
887 1038 1070 1122 punished,
1100 1057 1214 1104 seems
1243 1058 1279 1104 as
1309 1039 1477 1122 probable

192 1166 229 1211 as
246 1146 359 1231 ·any⁶).
407 1144 542 1215 Contra
568 1145 773 1212 Weckleinii
798 1149 997 1229 opinionem
1028 1145 1092 1210 hoc
1117 1145 1230 1210 solum
1255 1147 1369 1211 dicere
1390 1163 1469 1230 pos-

192 1273 268 1318 sum
296 1253 382 1319 banc
407 1256 661 1338 castigationem
688 1256 708 1317 i.
734 1272 762 1317 e.
788 1253 1078 1332 verberationem,
1109 1255 1137 1318 si
1171 1255 1385 1318 enuntiasset
1411 1272 1465 1317 ex-

192 1361 328 1425 cubitor
352 1360 558 1426 adulterium
585 1363 732 1444 reginae,
759 1359 841 1424 mibi
867 1362 983 1425 nimis'
996 1346 1106 1424 videri
1132 1359 1244 1424 levem
1268 1363 1469 1443 praesertim

193 1469 400 1550 respicienti,
424 1482 550 1552 quanta
575 1468 711 1546 duritia,
738 1467 949 1546 crudelitate,
982 1467 1169 1531 ulciscendi
1199 1468 1384 1550 cupiditate
1411 1485 1474 1550 per

193 1588 295 1638 totam
333 1571 495 1639 fabulam
518 1572 775 1657 Clytaemestra
810 1577 863 1653 sit,
900 1577 1071 1639 assentior
1107 1587 1219 1638 autem
1256 1572 1475 1639 Weckleinio

165 1682 317 1746 'dicenti
340 1684 499 1745 timorem
525 1697 656 1764 poenae
680 1699 816 1746 causam
843 1699 931 1762 esse,
956 1699 1018 1746 cur
1044 1696 1149 1745 taceat
1173 1695 1302 1761 custos,
1327 1681 1360 1745 id
1380 1683 1475 1766 quod

192 1787 400 1852 hauddubie
415 1800 506 1851 recte
524 1790 589 1851 iam
608 1786 790 1857 scholiasta
808 1789 849 1853 ad
867 1806 1009 1852 versum
1024 1791 1201 1852 annotavit
1214 1804 1363 1874 33313333.
1379 1824 1444 1876 ap
1438 1825 1478 1856 3

192 1909 286 1960 33333,
263 1910 345 1979 ,3333
345 1915 469 1981 333333)
472 1892 636 1961 ,Dicas
671 1893 814 1960 lorsitan
849 1897 978 1976 majore
1010 1913 1087 1959 cum
1122 1893 1362 1978 probabilitate
1404 1914 1470 1960 non

192 2000 446 2066 verberationis
486 2003 754 2085 castigationem,
791 2002 851 2066 sed
893 2015 1039 2066 mortem
1078 1999 1371 2085 Clytaemestram
1410 2007 1475 2085 pro

192 2107 392 2172 crudelitate
417 2127 477 2173 sua
502 2108 707 2189 excubitori,
732 2111 761 2173 si
786 2110 945 2193 garrulus
964 2123 1066 2188 esset,
1093 2090 1253 2173 minatam
1271 2126 1349 2173 esse
1371 2125 1475 2192 atque

192 2216 291 2279 etiam
325 2217 407 2280 satis
437 2230 488 2280 est
520 2215 711 2280 verisimile
744 2233 818 2279 eam
861 2233 984 2279 revera
1015 2213 1222 2298 supplicium
1255 2215 1298 2279 de
1329 2216 1475 2280 custode

192 2333 408 2404 sumpturam
436 2319 553 2402 luisse,
584 2324 612 2386 si
644 2307 712 2386 non
746 2325 922 2402 tacuisset;
955 2341 1056 2406 quam
1089 2339 1234 2405 poenam
1260 2320 1399 2387 Verrall
1432 2323 1474 2386 ad

97 2461 101 2468 ·
192 2448 224 2493 v.
253 2433 291 2492 15
317 2431 382 2493 iam
408 2446 473 2511 pro
498 2447 539 2492 eo
564 2427 689 2493 delicto
707 2429 901 2493 excubitori
920 2427 1080 2493 minatam
1100 2446 1172 2492 eam
1192 2447 1270 2493 esse
1287 2429 1474 2508 existimat,

192 2537 220 2599 si
246 2534 455 2619 neglexisset
478 2535 685 2600 dormiendo
709 2535 909 2600 custodiam·
925 2534 981 2600 vel
1006 2537 1118 2618 ignem
1144 2533 1186 2599 ab
1212 2531 1474 2618 Agamemnone

192 2644 403 2724 promissum
430 2636 513 2725 (,the
537 2659 650 2725 queen
677 2640 746 2706 like
765 2635 885 2708 Creon
907 2645 940 2706 in
966 2642 1022 2707 the
1041 2639 1228 2726 Antigone:
1244 2656 1358 2727 oaptpn
1372 2657 1474 2730 “altorff

130 2743 148 2804 s
191 2771 282 2830 3333333
302 2764 406 2834 3333333
429 2751 495 2813 308
519 2748 646 2833 having
677 2768 741 2828 ,we
771 2767 851 2833 may
883 2767 1056 2832 presumo,
1088 2748 1287 2814 threatened
1319 2748 1386 2814 this
1415 2768 1471 2834 pe-

192 2852 322 2938 nalty‘).
371 2851 438 2919 Sed
465 2873 586 2919 necare
611 2856 789 2921 custodem
817 2853 963 2934 fortasse
996 2858 1139 2920 nimium
1172 2853 1244 2935 luit,
1276 2874 1354 2920 cum
1386 2853 1468 2938 Cly-

193 2976 410 3027 taemestram
437 2961 528 3027 bunc
554 2977 618 3026 tam
639 2960 960 3027 fidelem-famulum
986 2977 1093 3027 aetate
1110 2975 1315 3046 provectum
1334 2978 1368 3028 33
1384 2965 1461 3026 miro

192 3086 269 3132 cum
295 3087 413 3134 amore
438 3083 471 3134 et
495 3070 619 3152 pietate
652 3066 923 3154 Agamemnonis
952 3069 1095 3135 domum
1127 3069 1326 3153 amplexum
1360 3069 1465 3135 securi
1542 3124 1547 3138 ,

190 3190 372 3258 percutere
386 3178 530 3242 veritam
549 3194 626 3241 esse
645 3195 713 3241 non
731 3177 831 3260 plane
849 3179 892 3242 sit
909 3177 1110 3241 incredibile
1128 3179 1330 3260 praesertim
1350 3193 1468 3242 vocem

191 3282 309 3366 populi
335 3284 527 3364 timentem;
552 3297 692 3368 33333333,
712 3299 737 3350 tt:
757 3301 860 3350 3333333
890 3282 989 3349 Ρ1331.
1024 3282 1127 3367 Pyth.
1162 3281 1220 3363 XI,
1251 3287 1304 3348 30.
1355 3282 1471 3366 ltaque

157 3375 160 3382 ¹
191 3408 259 3454 non
287 3391 404 3475 utique
430 3391 601 3455 reicienda
627 3389 710 3454 mihi
736 3393 874 3456 videtur
899 3393 1067 3476 cogitatio,
1092 3409 1159 3474 qua
1177 3388 1470 3474 Clytaemestram

190 3497 381 3576 custodem,
407 3499 434 3561 si
460 3499 674 3562 enuntiasset
698 3499 850 3579 tacenda,
875 3499 959 3563 clam
990 3517 1033 3562 ex
1059 3500 1163 3563 domo
1194 3500 1284 3581 regia
1314 3499 1412 3581 quasi
1438 3499 1471 3560 in

191 3603 352 3668 exsilium
379 3604 603 3686 expulsuram
631 3601 739 3669 luisse
763 3609 920 3670 conicere
946 3605 1033 3670 licet.
1074 3603 1168 3671 Cum
1194 3621 1307 3669 autem
1338 3621 1401 3688 3333
1434 3620 1472 3670 33

190 3723 252 3776 3333
287 3710 479 3794 symbolice
512 3710 685 3791 ,exulem‘,
719 3709 937 3796 ,fugitivum‘,
972 3714 1029 3796 qui
1065 3729 1235 3795 nusquam
1273 3714 1399 3795 quietis
1439 3725 1472 3776 33

191 3816 281 3882 lirrni
306 3815 469 3882 domicilii
495 3820 666 3901 particeps
692 3816 738 3898 lit,
764 3819 884 3884 eodem
912 3821 1015 3885 modo
1039 3820 1190 3884 indicare
1208 3818 1291 3883 mihi
1313 3819 1473 3883 videatur

190 3941 259 4008 quo
285 3924 367 3989 illud
392 3922 573 4006 Sophoclis
590 3947 682 4010 3333333
702 3941 741 3992 33
760 3939 822 3992 3333
844 3925 949 4011 (Oed.
970 3924 1036 4010 11),
1061 3926 1154 4010 quod
1169 3925 1398 3991 Wilamowitz
1418 3925 1471 3990 ed.

191 4029 352 4114 Choepll.
382 4033 465 4094 1896
489 4031 530 4095 ad
557 4027 647 4097 Cho.
673 4037 737 4096 275
764 4047 987 4120 (ἁποχρημάτωσι
1010 4049 1118 4120 ζημίαις
1137 4049 1319 4119 ταυρούμενον)
1347 4031 1473 4116 proba·

191 4138 861 4228 311333333333ρ33333333333333333,
882 4156 1030 4226 33333333
1052 4156 1174 4217 3333333
1200 4138 1256 4205 vel
1277 4139 1469 4204 secundum

191 4244 396 4328 Sophoclem
424 4243 738 4333 (ΟΕο.11.),μέ33ς3
759 4262 820 4334 με).
801 4264 844 4333 ,ἑῳ
865 4262 922 4315 nodi
942 4283 1011 4334 χηρε
987 4264 1071 4314 nomv‘
1094 4250 1114 4311 1.
1140 4267 1167 4312 C.
1199 4245 1380 4330 fugitivum
1407 4263 1472 4333 pl'O

190 4352 314 4418 delicto
348 4370 411 4417 suo
445 4351 486 4416 ab
520 4357 614 4418 omni
649 4354 828 4421 bominum
864 4358 1026 4420 societate
1060 4354 1252 4432 exclusum,
1289 4351 1473 4416 excubitor

190 4458 359 4524 vocabulo
384 4475 445 4544 aaa,
470 4478 507 4525 se
538 4479 602 4544 pro
633 4463 757 4528 delicto
790 4465 957 4527 enuntiati
990 4464 1127 4546 reginae
1158 4459 1316 4525 adulterii
1349 4460 1472 4523 timere

191 4565 281 4630 illam
308 4584 325 4629 a
351 4567 455 4631 domo
480 4582 512 4632 et
538 4565 613 4633 loco
638 4567 879 4653 expulsionem
905 4571 1003 4652 quasi
1030 4569 1175 4651 mystice
1201 4566 1351 4631 indicare
1373 4563 1473 4628 volu-
