3216 5040
612 269 617 277 Ι
720 201 877 254 -41-

160 349 304 415 0110Γῦ111
331 344 387 430 (Cf.
414 343 477 431 Ag
501 350 567 411 260
591 359 715 431 τέγνωδὲ
736 361 889 431 Κάλχαντος
909 346 1101 432 οὺνᾶνμαντω)
1127 345 1328 415 Calchantis
1358 351 1443 414 vati·

68 539 72 548 Ι
157 458 243 522 cinia
270 457 389 537 utique
415 471 497 519 vera
523 471 610 518 esse.
659 450 770 521 Certo
796 455 899 536 igitur
924 451 989 518 ialn
1014 469 1192 537 exspectat
1216 457 1328 539 ignem
1364 474 1444 539 pro-

156 566 323 642 missum,
346 560 429 625 haec
455 558 526 625 iere
551 578 668 626 secum
696 562 793 626 tacite
819 560 1019 625 meditatum
1046 579 1123 626 eum
1150 580 1227 627 esse
1249 549 1442 627 'verisimile

156 684 228 736 est:
258 681 315 733 aut
339 686 430 733 nunc
454 667 633 751 apparebit
657 669 792 750 signum
819 680 876 731 aut
901 685 1090 751 nunquam,
1115 669 1149 733 id
1167 669 1260 754 quod
1279 667 1353 734 lieri
1372 685 1440 733 non

158 789 284 860 potest,
311 793 390 840 cum
416 770 618 841 Calchantis
648 771 785 838 oracula
810 791 828 836 a
853 773 996 838 custode
1021 775 1055 837 in
1079 774 1223 840 dubium
1248 777 1365 840 vocari
1384 793 1442 840 ne·

157 867 305 968 queant(
327 879 445 964 ltaque
459 883 492 944 in
507 898 613 945 versu
633 898 681 946 ων.
693 895 714 944 a’
736 893 848 968 νῑντνχὴς
866 895 956 965 γένοιτ’
987 895 1130 968 ἀναγωγὴ
1157 898 1238 948 naun
1257 879 1441 949 affirmatio

158 993 272 1055 inesse
296 987 379 1053 mihi
404 988 554 1067 videtur,
579 1005 646 1052 non
673 1001 792 1053 votum
826 1000 859 1051 et
888 987 1053 1070 particula
1084 999 1108 1054 aa
1128 1005 1179 1070 (m
1198 1003 1238 1069 ν),
1255 1007 1323 1053 non
1355 987 1439 1053 illud

154 1113 197 1164 aa
211 1119 251 1162 m
267 1109 393 1182 φνωνννν
418 1113 451 1159 ν.
468 1094 551 1172 8,·id
568 1094 661 1177 quod
686 1092 875 1173 Bormann,
902 1096 1144 1178 quaestionum
1164 1092 1438 1179 Aeschylearum

156 1204 346 1286 specimen,
364 1216 397 1266 et
411 1200 591 1267 Wecklein
611 1197 677 1266 Or.
689 1201 730 1265 ad
748 1219 781 1264 ν.
799 1201 1030 1284 80pinantur,
1044 1203 1202 1284 opposita
1218 1216 1271 1267 est
1287 1205 1406 1267 versui
1424 1208 1436 1267 1

37 1379 42 1386 ,
156 1326 236 1386 θεοὺς
256 1327 299 1393 μὲν
320 1322 393 1387 uiam,
410 1326 463 1376 κτλ.
489 1307 598 1380 ,Nam
632 1310 665 1372 111
701 1306 759 1372 1110
782 1324 826 1374 καὶ
845 1331 886 1374 νῦν
905 1321 1031 1394 φυλάσσω
1057 1310 1299 1388 coniunctione
1322 1324 1374 1387 καί,
1404 1309 1438 1373 ld

109 1402 113 1417 ’
157 1416 250 1500 quod
274 1433 379 1498 supra
397 1417 544 1498 exposui
559 1415 614 1497 (ad
640 1434 673 1479 ν.
698 1419 717 1478 5
741 1428 784 1480 ναὶ
804 1432 862 1490 τοὺς
886 1413 1035 1500 φέροντας),
1054 1413 1138 1479 nihil
1162 1415 1254 1480 aliud
1272 1418 1438 1499 exprimi-

160 1537 214 1587 tur
231 1524 296 1586 nisi
316 1523 481 1587 transitus
498 1540 515 1585 a
534 1539 571 1586 re
590 1523 753 1586 universa
771 1542 895 1608 (φρουρᾶς
919 1536 1013 1604 ἐτείας)
1030 1522 1071 1586 ad
1092 1538 1208 1588 casum
1228 1522 1436 1606 singularem
1474 1605 1478 1614 ι

155 1629 210 1712 (νινε
227 1651 276 1707 νῦν,
290 1630 323 1693 in
340 1630 494 1694 oratione
512 1628 663 1711 pedestri
677 1644 720 1694 ννὶ
740 1641 774 1715 aa,
793 1644 837 1694 ναὶ
856 1650 908 1706 νῦν,
928 1646 1005 1693 cum
1019 1665 1063 1674 -
1079 1627 1176 1711 tum).
1210 1625 1436 1696 Contrarium
1456 1681 1459 1694 .

154 1750 180 1802 aa
208 1736 252 1800 ob
279 1753 352 1800 eam
379 1753 452 1800 rem
479 1748 544 1800 tam
572 1753 651 1800 sero
675 1734 721 1816 (v.
745 1734 802 1816 20)
827 1753 844 1799 a
869 1735 1013 1801 custode
1037 1733 1191 1816 affertur,
1209 1736 1314 1820 quod,
1333 1750 1369 1800 ut
1386 1751 1437 1803 est

153 1842 294 1927 loquax,
326 1843 406 1907 inde
429 1861 447 1906 a
473 1861 506 1910 ν.
534 1846 574 1907 10
604 1841 645 1906 ab
677 1860 729 1922 eu,
758 1843 852 1925 quod
883 1841 949 1906 sibi
980 1857 1221 1926 proposuerat,
1252 1841 1437 1908 aberravit.

154 1947 236 2013 Non
272 1950 374 2032 igitur
404 1949 598 2013 audiendus
630 1946 871 2014 Schneidewin
902 1963 955 2013 est
987 1967 1063 2014 cum
1097 1950 1186 2014 dicat
1214 1950 1255 2014 ad
1294 1943 1372 2026 ννὲνς
1392 1967 1438 2036 μέν

152 2058 364 2121 contrarium
386 2073 403 2119 a
420 2056 564 2121 custode
577 2058 726 2139 opprimi
745 2053 824 2140 (μὲν,
838 2056 964 2121 dessen
984 2052 1180 2140 Gegensatz
1197 2056 1260 2121 der
1273 2054 1437 2121 Wichter

153 2160 414 2245 verschluckt’),
439 2162 533 2246 quod
559 2162 649 2227 idem
676 2181 744 2228 non
770 2176 862 2227 recte
887 2163 968 2227 dicit
996 2163 1049 2227 ad.
1074 2181 1107 2227 ν.
1132 2166 1176 2227 40
1197 2176 1301 2229 tannen
1321 2177 1437 2248 μὲνέννς

152 2285 204 2337 τὸδ’
225 2284 278 2336 ἐπεὶ
300 2285 407 2355 ΙΙμωὶμῳ
436 2285 516 2356 μέγας
542 2284 667 2346 &valiturae
693 2282 825 2346 Μενὲλαοζ
849 2285 912 2348 ἄναξ
938 2283 1231 2357 ὴῧ”ν1γαγ1έμνων,.,
1260 2283 1329 2357 ἦραν
1349 2268 1436 2352 (‚del'

153 2373 351 2460 Gegensatz
376 2374 482 2442 bleibt
506 2375 766 2461 verschwiegen
792 2379 857 2442 wie
884 2382 895 2454 1
918 2375 999 2462 ff.‘);
1021 2380 1127 2442 immo
1152 2379 1362 2442 contrarium
1389 2377 1434 2442 ibi

154 2502 295 2570 quoque
319 2486 487 2567 sequitur,
512 2485 665 2548 etsiamsi
690 2501 769 2549 sero
794 2498 830 2548 ut
855 2497 975 2548 nostro
1001 2482 1086 2564 loco,
1104 2502 1210 2549 versu
1235 2489 1278 2548 72
1297 2500 1385 2570 (ἡμεῖς
1414 2499 1435 2566 a·

153 2603 239 2656 ἀτίται
258 2604 332 2675 σαρκὶ,
357 2605 523 2674 nain-q...
544 2605 687 2676 μίμνομεν),
711 2591 746 2656 ld
775 2591 867 2674 quod
894 2605 985 2655 lecte
1015 2592 1149 2657 monuit
1182 2589 1335 2675 BIWdCS
1367 2589 1433 2675 (ed.

155 2694 216 2781 Ag.
245 2693 342 2781 1898)
368 2699 401 2761 in
434 2699 683 2763 commentario
708 2698 760 2762 ad.
785 2716 819 2761 ν.
841 2700 894 2761 40.
943 2695 1197 2763 Sententiarum
1228 2699 1332 2783 igitur
1355 2717 1435 2782 pro-

153 2821 294 2888 gressus
320 2802 374 2869 hic
400 2801 472 2868 fere
497 2817 566 2868 est:
583 2802 737 2884 ,Frustra
762 2804 847 2868 deos
872 2806 937 2868 iam
963 2821 1025 2887 per
1050 2819 1157 2869 totum
1179 2804 1351 2870 decimum
1377 2824 1435 2870 an·

153 2929 234 2976 num
250 2924 410 2994 precatus
424 2929 513 2989 sum,
529 2923 565 2975 ut
583 2929 637 2976 me
651 2909 838 2975 liberarent
852 2909 1028 2976 laboribus
1046 2911 1232 2990 custodiae,
1249 2914 1304 2976 cui
1317 2914 1435 2976 etiam·

152 3035 243 3082 nunc
273 3017 411 3082 deditus
443 3035 519 3081 sum
555 3014 609 3100 (aas
630 3040 672 3090 νῦν,
692 3032 818 3103 φυλάσσω
843 3036 877 3082 ν.
901 3015 954 3101 8);
985 3035 1076 3081 nunc
1104 3032 1216 3082 autem
1250 3017 1431 3083 liberatum

153 3143 207 3189 me
224 3127 265 3189 iri
283 3123 337 3188 his
361 3126 538 3188 aerumnis
555 3138 650 3189 certo
667 3125 792 3208 spero‘.
834 3120 935 3207 Quae
960 3126 1203 3209 cogitationum
1222 3126 1432 3190 incrementa

152 3233 279 3313 optime
313 3229 518 3314 significavit
552 3229 688 3316 Verrall
722 3232 774 3296 ad.
809 3251 842 3296 ν.
877 3235 904 3312 1,
935 3249 1013 3296 cum
1044 3234 1133 3296 inter
1166 3250 1203 3296 se
1241 3246 1433 3315 opponeret

152 3354 230 3414 ννννς
250 3357 294 3423 μέν
314 3357 347 3402 ν.
377 3343 404 3417 1,
427 3352 470 3404 mi
490 3361 531 3404 νν·νν
556 3356 594 3408 v..
614 3343 645 3418 8,
669 3360 709 3404 νῦν
730 3352 756 3404 aa
777 3357 810 3403 v.
836 3342 879 3426 2⁰.
903 3337 942 3421 (‚1
967 3337 1056 3404 have
1081 3338 1160 3423 long
1181 3337 1267 3404 been
1286 3341 1433 3422 praying

150 3441 205 3508 ior
231 3445 370 3524 release,
396 3444 462 3509 and
487 3444 555 3509 still
581 3463 633 3510 am
661 3445 840 3529 watching,
866 3445 926 3510 but
951 3444 1018 3511 this
1051 3449 1131 3510 time
1163 3444 1174 3509 l
1205 3444 1294 3528 hope
1324 3458 1358 3510 to
1390 3445 1432 3510 be

58 3596 74 3610 ..
148 3551 368 3635 answered‘).

239 3656 277 3722 ln
303 3677 335 3724 V.
360 3662 404 3721 26
427 3669 623 3743 Ἀγαμέμνονος
641 3674 741 3743 γυναικὶ
762 3673 883 3746 σημαίνω
902 3681 992 3743 τορῶς,
1007 3672 1085 3744 εὐνῆς
1100 3672 1289 3724 ἑπαντεὶλαναν
1302 3673 1337 3734 ὡς
1351 3674 1431 3742 τάχος

147 3783 193 3831 aet
217 3782 384 3848 praesens
409 3779 539 3851 νημαιῑνν,
569 3765 661 3849 quod
688 3764 790 3830 habet
823 3763 1013 3844 Mediceus,
1042 3755 1265 3830 servandum
1286 3779 1338 3829 est
1368 3782 1431 3828 nec

150 3887 226 3934 cum
242 3870 459 3936 Weckleinio
477 3870 621 3954 aliisque
639 3874 672 3936 in
692 3895 803 3959 νημνννῑν
822 3874 1036 3937 mutandum.
1076 3870 1236 3954 Namque
1252 3885 1370 3958 σημαίνω
1383 3872 1429 3937 ibi

150 3993 214 4058 pro
231 3974 357 4055 futuro,
378 3978 411 4042 id
432 3977 525 4060 quod
547 3981 685 4061 saepius
699 3976 735 4043 lit
748 3979 838 4061 apud
852 3977 1077 4062 Aeschylum,
1092 3992 1296 4061 usurpatum
1311 3993 1363 4043 est
1374 3981 1429 4060 ita,

151 4096 345 4148 ut·certam
380 4081 658 4164 affirmationem,
692 4100 824 4148 certum
858 4084 1040 4150 consilium
1073 4082 1241 4168 significet
1272 4084 1430 4150 similiter

114 4233 118 4240 -
149 4201 250 4271 atque
275 4188 357 4255 illud
383 4209 548 4274 praesens
566 4189 807 4273 propheticum
826 4192 858 4254 in
877 4190 1179 4256 vaticinationibus
1197 4209 1325 4271 rerum,
1343 4209 1429 4274 quas

147 4297 342 4360 certissimo
367 4312 553 4362 eventuras
578 4298 769 4380 putandum
795 4310 856 4361 est.
906 4294 964 4365 Cf.
991 4295 1054 4383 Ag.
1087 4302 1144 4361 131
1174 4311 1246 4383 ἀγρεῖ
1273 4301 1306 4362 in
1343 4316 1428 4384 χρόνῳ

148 4419 191 4490 μὲν
211 4418 285 4490 ἀγμεῑ
307 4419 424 4490 ΙΙμιάμω)
444 4419 517 4471 πόλιν
536 4419 581 4471 ἃδε
600 4393 734 4483 theolog,
764 4402 881 4469 ΡΓΟῙΠ.
913 4409 978 4468 528
1002 4421 1121 4490 φυγγάνω
1142 4407 1175 4469 in
1191 4419 1429 4491 μυρίανςδὲπημὸ-

148 4545 202 4586 wag
220 4525 292 4587 δύαις
311 4545 336 4578 τε
354 4527 487 4598 suppling
507 4520 556 4577 ὧδε
576 4525 659 4595 δεσμὰ
679 4527 808 4596 φυγγάνω,
835 4509 862 4575 Ρ
866 4529 952 4576 rom.
969 4516 1035 4575 874
1054 4526 1157 4600 τίθησω
1177 4514 1427 4597 indicandaeque
