3216 5040
722 221 889 274 ,.95,ν

167 371 341 454 pertinere
366 380 450 450 puto
475 367 517 431 ad
549 381 712 452 κοιμώμενος
741 380 775 431 et
796 389 910 452 οροορας
936 384 969 430 ν.
1001 369 1032 445 2,
1057 366 1091 429 id
1122 365 1215 450 quod
1248 379 1340 430 reete
1372 383 1448 430 cum

167 478 298 542 diceret
334 491 396 561 πρὸς
415 490 443 540 τὸ
463 487 614 560 φυλακταόν
645 471 701 556 (Cf.
736 487 779 540 καὶ
792 496 832 540 νῦν
848 481 987 558 φυλάσσω
1011 490 1044 536 V.
1088 469 1123 557 8)
1165 474 1230 537 iam
1274 473 1451 539 adssOiaVlt

165 583 361 662 scholiasta,
386 583 444 665 qui
469 582 599 664 optime
632 580 725 646 addit
748 593 1003 667 implantatum,
1035 597 1102 665 qua
1134 598 1211 644 cum
1244 597 1327 644 cane
1359 598 1452 646 com-

166 691 344 775 paratione
368 691 434 753 iam
459 687 501 752 ab
529 689 625 753 initio
650 686 864 753 excubitoris
889 703 1005 753 mores
1030 705 1188 752 summae
1213 689 1247 752 in
1267 684 1451 771 Agamem·

169 815 293 880 nonem
319 796 498 860 dominum
524 791 591 859 lide
615 808 649 860 et
671 796 821 859 caritatis
846 793 937 878 pleni
971 792 1169 860 felicissime
1200 794 1452 859 adumbrantur

169 923 206 970 ac
232 905 446 989 pOStel‘lOl'eS
477 920 604 968 vel'SilS
637 906 677 966 18
708 919 784 986 sqq.
807 917 892 969 κλαίω
922 918 972 970 τότ’
1004 915 1076 970 οἴκου
1106 916 1179 969 τοῦδε
1200 920 1334 988 συμφορὰν
1355 917 1452 980 στένων,

169 1026 216 1098 οὐχ
240 1026 276 1088 ὡς
293 1029 325 1078 τὰ
353 1025 448 1097 πρόσθ’
477 1025 566 1096 ἄριστα
589 1023 785 1095 διαπονουμένου
812 1022 845 1075 et
865 1014 908 1073 34
934 1025 1030 1093 γένοιτο
1049 1021 1116 1077 δὀδν
1136 1023 1262 1094 μολόντος
1279 1022 1375 1097 εδριλὴ
1388 1024 1453 1094 χέρα

167 1135 277 1195 ονοοιοος
297 1129 373 1184 οϊιον
389 1131 451 1202 τρυε
470 1131 599 1200 poetam.
620 1131 687 1202 χερί,
708 1118 767 1201 qui
792 1134 918 1182 versus
943 1134 1119 1181 summum
1146 1113 1264 1181 lamuli
1297 1129 1334 1181 ut
1358 1119 1451 1181 canis

167 1223 281 1290 fidelis
305 1223 587 1308 ergadominum
612 1240 766 1288 amorem
787 1225 930 1306 spirant,
955 1225 1085 1306 optime
1104 1225 1170 1287 iam
1189 1236 1450 1306 praeparantur,

169 1334 258 1396 sicut
281 1331 423 1395 omnino
454 1327 620 1414 Aeschyli
652 1343 704 1395 est
732 1333 912 1414 proprium
947 1326 1170 1420 antecedente
1204 1330 1319 1414 aliquo
1351 1347 1453 1395 voca-

170 1436 250 1502 bulo
285 1436 341 1502 vel
376 1436 612 1517 similitudine,
646 1454 733 1522 quae
767 1453 869 1520 saepe
903 1452 939 1502 ut
972 1436 1120 1502 melodia
1154 1437 1321 1522 quaedam
1353 1439 1452 1503 tacite

170 1562 279 1629 usque
297 1561 422 1610 sonare
443 1544 593 1624 videtur,
617 1545 821 1626 posteriora,
838 1544 1012 1609 interdum
1030 1544 1260 1625 subobscure,
1280 1544 1452 1625 indicare3

168 1649 210 1716 Cf.
236 1664 347 1728 ἀντολάς
371 1668 404 1714 V.
429 1654 467 1714 7:
499 1663 685 1717 ἐπαντείλασαν
718 1668 751 1714 V.
786 1654 840 1730 27,
876 1665 1051 1737 ἐμπρέποντας
1081 1663 1168 1736 αἰθέρι
1198 1666 1305 1736 ἀστέρας
1343 1669 1377 1716 V.
1412 1655 1452 1715 6:

167 1773 180 1824 δ
201 1775 311 1844 φρυκτὸς
331 1771 464 1842 ἀγγέλλων
485 1773 575 1843 πρέπει
597 1775 630 1822 V.
655 1761 709 1838 30,
732 1772 882 1846 ἡμερήσιον
901 1774 968 1844 ράος
994 1776 1028 1823 V.
1052 1762 1111 1823 22:
1139 1773 1321 1844 ὲπορθριάζειν
1340 1776 1373 1822 V.
1398 1761 1451 1822 29.

168 1863 222 1929 De
246 1882 313 1948 qua
338 1882 376 1928 re
400 1864 481 1928 vide
505 1862 642 1929 Verrall
666 1865 708 1929 ad
732 1883 766 1929 v.
790 1868 844 1929 29.
892 1863 1007 1948 Atque
1036 1882 1160 1930 verum
1192 1878 1327 1947 poetam
1353 1882 1451 1947 prae-

169 1988 291 2054 parare
329 1973 464 2036 animos
504 1984 540 2036 ut
586 1988 708 2037 verum
745 1986 917 2037 oratorem
965 1985 1056 2036 recte
1104 1973 1169 2036 iam
1210 1972 1298 2037 dixit
1338 1968 1452 2054 Quin-

173 2076 319 2143 tilianus.

259 2182 376 2267 ltaque
401 2202 469 2249 non
495 2186 667 2250 assentior
690 2182 864 2250 Verrallio
888 2184 1014 2249 dicenti
1047 2186 1340 2268 comparationem
1360 2183 1450 2249 'cum

169 2309 252 2356 cane
277 2293 427 2357 maxime
452 2292 485 2354 in
511 2309 552 2356 eo
575 2293 721 2372 versari,
746 2292 839 2376 quod
869 2292 1005 2356 custodi
1035 2304 1072 2356 ut
1096 2293 1171 2356 cani
1196 2290 1261 2356 sub
1287 2291 1370 2356 divo
1395 2290 1453 2355 ha-

169 2395 346 2464 bitandum
373 2400 427 2478 sit,
457 2395 540 2481 (,the
571 2398 689 2466 words
723 2414 797 2475 οονος
816 2411 999 2486 οιοηοιιιογ
1032 2416 1131 2463 mean
1167 2416 1211 2463 no
1243 2415 1340 2465 more
1371 2397 1450 2463 than

169 2505 240 2571 that
264 2504 321 2570 the
346 2523 424 2569 man
450 2506 479 2569 is
503 2505 603 2570 made
632 2518 665 2570 to
690 2523 770 2588 pass
802 2504 859 2571 the
891 2505 997 2589 night,
1027 2504 1096 2570 like
1128 2524 1146 2570 a
1179 2504 1385 2589 watch·dog,
1417 2508 1452 2570 in

172 2611 229 2677 the
252 2629 342 2695 open
367 2610 453 2695 air‘).
818 2625 820 2631 ·

262 2734 450 2820 Pergamus
474 2736 539 2800 iam
565 2736 607 2800 ad
625 2754 659 2800 V.
676 2741 696 2800 4
713 2753 805 2819 sqq.:
834 2751 933 2822 ἄστρων
959 2750 1068 2803 κάτοιδα
1101 2753 1226 2823 νυκτέρων
1255 2753 1382 2825 δμήμυριν
1409 2753 1452 2806 καὶ

171 2842 230 2902 τοὺς
262 2841 384 2911 φέροντας
405 2847 484 2911 χεῖμα
512 2841 556 2891 καὶ
581 2841 660 2911 θέρος
683 2840 785 2912 βροτοῖς
810 2839 945 2912 λαμπροὺς
977 2839 1111 2905 δυνάστας,
1147 2840 1326 2912 ἐμπρέποντας
1364 2840 1452 2915 αἰθέρι

169 2947 287 3018 ἀστέρας,
316 2947 374 2999 ὅταν
399 2946 533 3019 φθίνουσιν,
559 2946 667 3009 ἀντολάς
689 2967 715 2999 τε
734 2955 793 3016 τῶν,
819 2950 969 3018 quorum
995 2951 1028 2997 V.
1053 2937 1073 2997 7
1101 2948 1219 3019 ἀστέρας,
1244 2948 1304 3001 ὅταν
1327 2948 1453 3022 φθίνωσιν

167 3057 214 3106 ιιι
238 3053 352 3105 utrum
379 3041 550 3124 genuinus
575 3042 619 3104 sit
642 3057 760 3120 necne,
794 3039 991 3124 diligentius
1015 3042 1184 3123 quaerere
1218 3040 1341 3122 velim3
1365 3060 1454 3125 spu·

170 3149 259 3213 rium
284 3149 375 3212 enim
408 3165 486 3211 eum
519 3162 597 3211 esse
626 3160 813 3229 praeeunte
846 3145 988 3212 Pauwio
1021 3150 1087 3212 iam
1122 3145 1341 3213 Valckenaer
1371 3167 1454 3214 con·

171 3255 288 3335 tendit,
313 3272 415 3340 quem
434 3256 542 3320 secuti
560 3268 642 3320 sunt
659 3252 806 3334 Porson,
823 3252 984 3336 Dindorf,
1003 3253 1121 3339 Paley,
1143 3253 1309 3339 Blaydes,
1324 3255 1453 3322 Weck-

170 3358 236 3425 lein
260 3358 376 3446 (1888)
401 3345 537 3446 aliique,
563 3363 669 3426 immo
694 3372 802 3425 totum
828 3378 971 3440 versum
999 3359 1236 3446 Aeschyleum
1264 3380 1341 3428 esse
1360 3361 1453 3428 Her·

170 3486 272 3534 mann
297 3481 331 3533 et
357 3465 544 3533 Kirchhoff
569 3469 744 3549 dixerunt,
776 3470 962 3534 maximam
994 3482 1126 3552 partem
1159 3471 1235 3551 ejus
1260 3468 1361 3550 Weil‚
1390 3472 1451 3552 qui

168 3577 303 3640 eumin
328 3588 437 3660 οοομοις
456 3589 517 3641 aaa.
534 3589 581 3641 ιον
606 3588 714 3641 mutat
738 3589 771 3641 et
794 3576 888 3641 addit
913 3593 976 3641 nos
1001 3594 1102 3660 aegre
1119 3594 1160 3641 eo
1178 3594 1295 3641 carere
1309 3574 1447 3662 (meque

169 3695 282 3747 tamen
319 3682 496 3747 eiciendus
520 3695 572 3746 est
597 3695 688 3748 totus
713 3700 850 3763 versus,
875 3701 944 3768 quo
969 3701 1069 3767 aegre
1093 3679 1296 3767 caremus‘);
1322 3701 1449 3766 nuper-

169 3791 257 3853 rime
280 3791 389 3852 etiam·
407 3786 543 3853 Verrall
569 3806 648 3854 eum
673 3789 761 3855 bene
784 3787 956 3872 delendit;
981 3792 1055 3874 ipse
1080 3808 1220 3874 quoque
1245 3809 1314 3856 non
1340 3793 1450 3855 inser-

169 3907 240 3959 tum
266 3893 309 3959 ab
334 3894 579 3979 interpolatore
613 3914 691 3961 eum
719 3914 801 3962 esse
830 3897 991 3978 arbitror,
1021 3898 1055 3962 id
1087 3898 1180 3982 quod
1210 3896 1449 3982 probabilibus

169 4014 206 4067 ut
230 4000 313 4066 mihi
339 4002 479 4068 videtur
502 4004 714 4087 argumentis
739 4003 793 4068 his
817 4022 905 4091 quae
938 4017 1133 4087 sequuntur
1165 4007 1356 4070 accuratius
1389 4006 1449 4070 de-

170 4122 364 4174 monstrare
389 4109 551 4175 conabor.

258 4213 309 4281 Ac
339 4217 491 4301 primum
523 4217 664 4300 quidem
700 4216 745 4282 ob
781 4235 855 4283 eam
890 4236 963 4283 rem
996 4236 1138 4284 versum
1177 4221 1197 4282 7
1231 4214 1448 4300 superfluum

169 4340 247 4387 esse
269 4322 351 4389 dicit
375 4322 568 4404 Wecklein,
592 4322 686 4406 quod
712 4323 796 4388 nihil
821 4323 912 4389 aliud
936 4343 978 4390 eo
1001 4321 1173 4391 alliciatur
1204 4327 1269 4389 nisi
1295 4338 1331 4389 ut
1355 4338 1450 4389 ante·

169 4428 296 4494 cedens
321 4430 498 4496 translatio
522 4432 678 4496 oratione
702 4432 854 4513 pedestri
878 4431 1071 4515 explicetur
1099 4431 1187 4516 (,der
1216 4428 1448 4515 iiberfliissige

169 4533 272 4617 Vers,
296 4535 360 4602 der
382 4536 439 4604 die
472 4536 759 4622 vorausgehende
783 4536 966 4622 Metapher
992 4538 1171 4624 prosaisch
1203 4537 1343 4618 erklirt,
1378 4536 1450 4622 gibt
