3216 5040
750 207 904 264 „32-

184 355 400 421 subobscure
440 355 637 438 praeparari
677 354 782 417 animi
819 350 902 416 mihi
941 353 1117 433 videntur,
1152 365 1305 436 poetam·
1325 352 1471 422 dedisse

182 480 322 547 operam
348 461 539 544 putandum
572 472 633 526 est.
682 456 750 524 His
782 457 921 523 duobus
953 457 1114 542 epithetis
1145 473 1332 545 (οννροβοολον
1352 473 1469 544 ολοιςον)

183 572 368 634 universos
393 569 525 652 primae
549 583 720 651 personae
745 583 861 630 mores
890 567 955 629 iam
989 567 1022 630 in
1055 564 1209 650 prologo,
1241 579 1278 631 ut
1308 579 1361 631 est
1392 584 1470 633 om-

183 678 265 740 nino
291 692 366 739 mos
391 687 511 758 poetae
536 675 646 738 nostri
671 671 899 757 aliorumque,
924 671 1132 737 brevissime
1149 685 1182 738 et
1198 674 1328 756 optime
1345 675 1469 739 adum-

183 783 276 847 brari
301 794 452 866 apparet.
501 779 590 845 Nam
616 798 693 846 cum
720 797 782 863 per
815 791 918 844 totam
951 776 1100 844 fabulam
1127 775 1387 863 Clytaemestra
1416 783 1470 846 in·

181 888 295 954 dolem
322 907 404 973 prae
429 907 466 953 se
492 885 577 953 ierat
602 889 724 971 partim
751 885 901 966 virilem,
925 887 1049 970 partim
1075 904 1159 952 vere
1185 883 1379 968 femineam,
1408 887 1466 954 illa

183 997 249 1061 viri
274 1009 394 1061 natura
420 995 508 1060 bene
529 995 700 1076 indicatur
721 992 892 1059 vocabulo
917 1005 1090 1078 ονοροβοολον
1117 994 1137 1057 1.
1162 1011 1191 1058 e.
1222 1007 1382 1082 ονορολορρον
1402 994 1463 1077 (de

183 1106 322 1168 notione
347 1102 451 1168 huius
476 1104 572 1168 vocis
597 1100 766 1183 ,moribus
798 1099 959 1165 virilibus
989 1097 1177 1184 praeditus'
1202 1100 1283 1165 vide
1310 1097 1369 1184 Ag.
1393 1104 1453 1165 125

168 1223 241 1276 ilbi
259 1223 303 1275 δύο
323 1223 427 1296 λήμασι
447 1223 549 1286 δισσοὺς
568 1222 712 1294 Ἀτρείδας,
738 1207 825 1272 111116
850 1225 868 1271 a
891 1205 1075 1272 Dindorflo
1100 1208 1134 1271 in
1159 1221 1276 1294 λήμασιν
1294 1219 1366 1283 ἴσους
1387 1225 1455 1271 mu·

183 1313 301 1395 tatum3
326 1317 346 1379 1.
372 1333 401 1380 e.
426 1316 516 1380 duos
545 1311 685 1380 Atridas
717 1313 874 1379 moribus
905 1315 995 1378 inter
1018 1331 1055 1378 se
1087 1309 1273 1397 diversos),
1304 1312 1387 1378 haec
1414 1315 1462 1377 in·

182 1422 279 1487 doles
305 1419 452 1486 feminae
477 1423 616 1505 propria
642 1422 850 1504 exprimitur
868 1438 953 1485 voce
978 1433 1088 1500 ελοιςον,
1113 1437 1258 1504 sperans
1283 1437 1330 1485 sc.
1348 1419 1464 1504 splen-

183 1528 303 1594 didum
329 1525 601 1613 Agamemnonis
627 1527 804 1592 redeuntis
822 1523 926 1611 Argis
944 1528 977 1590 in
997 1525 1083 1591 urbe
1102 1525 1327 1610 triumphum.
1370 1524 1467 1592 Haec

184 1631 464 1719 Clytaemestrae
489 1648 525 1699 ut
550 1633 737 1698 multarum
762 1633 947 1698 mulierum
965 1632 1247 1717 splendidissima
1264 1646 1297 1698 et
1315 1636 1468 1699 maxima

28 1721 65 1834 5³¹3]
78 1763 79 1766 ¹
182 1758 350 1825 quaeque,
375 1743 518 1806 omnino
543 1759 704 1824 ea,.quae
726 1740 850 1806 volunt
873 1754 906 1805 et
930 1754 1108 1824 expetunt,
1133 1739 1284 1824 superbe
1301 1741 1468 1824 sperandi

177 1841 215 1913 ¹et
240 1847 468 1913 libentissime
492 1848 656 1913 credendi
682 1847 851 1931 cupiditas
882 1849 1074 1912 accuratius
1098 1865 1116 1911 a
1141 1859 1240 1931 poeta
1272 1861 1305 1911 et
1333 1849 1466 1931 optime

25 2013 60 2050 el
184 1954 376 2020 illustratur
401 1953 655 2038 posterioribus
679 1953 843 2019 versibus
868 1951 931 2038 Ag.
956 1957 1021 2022 597
1045 1967 1161 2041 ήκάρια
1174 1971 1236 2040 πρὸς
1249 1972 1368 2036 γυναικὸς
1381 1967 1469 2042 αἴρεσ-

183 2078 230 2127 νον.
247 2077 319 2147 νέορ,
345 2061 378 2126 id
403 2062 497 2145 quod
522 2060 705 2126 scholiasta
733 2059 821 2124 bene
853 2062 1119 2144 interpretatur:
1144 2073 1225 2149 ἤρονν
1254 2077 1373 2146 ρονονοος
1411 2076 1467 2128 eoa

34 2147 50 2180 ᾗ
183 2181 387 2253 μετεωρίζεσθαι
412 2184 457 2233 καὶ
477 2183 544 2252 ’μέγα
563 2188 662 2253 φρονεῖν
686 2165 750 2251 (Sic
775 2180 866 2232 16616
891 2164 1068 2232 Victorius
1093 2184 1157 2250 pl'O
1182 2165 1288 2253 φωνεῖν)
1315 2183 1468 2235 ἁκούοαοάν

182 2309 212 2352 τι,
238 2287 271 2339 61
296 2272 358 2359 Ag.
384 2278 444 2339 491
474 2291 583 2351 πιθανὸς
603 2287 667 2356 ἄγαν
694 2289 707 2340 ὁ
736 2287 821 2361 θήλυς
850 2289 910 2359 ὅρος
933 2289 1075 2359 ἐπινέμεται
1101 2290 1257 2360 ταχύπορος·
1285 2288 1356 2341 ἀλλὰ
1373 2291 1465 2366 Ιταγό-

28 2445 60 2470 ,Ιγγ
185 2415 264 2466 μορον
281 2397 500 2467 γνναιοιογήρυτον
521 2393 625 2446 ὄλλυται
643 2393 728 2456 οιλὲος.
767 2376 868 2462 Qilde
885 2398 962 2445 cum
982 2382 1025 2444 ita
1043 2382 1123 2461 sint,
1140 2399 1208 2445 11011
1227 2380 1327 2464 plane
1344 2400 1466 2447 asseli-

184 2489 238 2550 tiri
264 2504 407 2569 possum
434 2484 617 2566 Verrallio,
647 2487 705 2568 qui
735 2485 902 2551 vocabula
930 2503 1048 2570 ρονοονος
1075 2500 1245 2573 ἀνδρόβουλον
1273 2501 1375 2564 elatrat
1401 2503 1465 2574 κέαρ

41 2573 49 2612 ³
183 2594 429 2676 interpretatur
462 2611 490 2673 ‚a
521 2611 670 2671 woman,
701 2591 780 2657 who
812 2591 931 2677 brings
956 2592 1019 2658 her
1043 2592 1147 2676 quick
1171 2593 1281 2678 hopes
1306 2596 1380 2660 into
1404 2594 1462 2661 the

184 2699 345 2764 business
370 2696 409 2764 oi
432 2700 534 2763 men.‘
581 2695 758 2781 Quoniam
784 2700 886 2784 igitur
911 2699 965 2764 his
998 2698 1135 2765 duobus
1166 2699 1327 2785 epithetis
1347 2715 1461 2788 (ονλροβ,

183 2820 249 2888 ela.)
272 2805 360 2871 duae
385 2802 664 2889 Clytaemestrae
685 2823 820 2871 morum
839 2809 1068 2890 proprietates
1086 2809 1236 2872 maxime
1253 2809 1455 2892 conspicuae

184 2911 460 2996 praeclarissime
485 2914 550 2976 iam
576 2912 617 2977 ab
642 2914 738 2977 initio
762 2912 950 2978 delineatae
975 2925 1066 2992 sunt,
1092 2915 1230 2979 tertium
1256 2915 1331 2995 ejus
1357 2913 1453 2979 animi

184 3019 436 3102 vitium„quod
462 3021 575 3101 ipsum
605 3036 744 3101 quoque
777 3032 844 3084 tota
877 3017 989 3084 fabula
1015 3018 1198 3086 manifesto
1222 3036 1365 3105 apparet
1389 3023 1409 3086 1.
1430 3037 1460 3084 e.

184 3124 368 3209 singularis
392 3126 467 3205 ejus
492 3125 677 3190 simulandi
700 3143 767 3206 arc,
793 3129 826 3190 in
852 3127 973 3192 eodem
999 3127 1142 3212 prologo
1168 3124 1352 3212 significari
1379 3126 1463 3192 mihi

184 3231 323 3296 Videtur
359 3250 465 3296 versu
496 3236 541 3296 28
568 3246 715 3318 ὀλολυγμὸν
735 3246 903 3321 εὐφημοῦντα
921 3248 982 3319 τῇδε
1001 3247 1119 3318 λαμπάδι
1139 3249 1328 3321 ὲπορθριάζειν.
1376 3231 1468 3319 (Me-

184 3339 270 3403 dicei
296 3340 502 3421 scripturam
538 3354 718 3424 οοορνρνοιιοον
742 3353 834 3404 recte
859 3343 946 3405 tueri
972 3339 1055 3405 mihi
1080 3341 1220 3406 videtur
1237 3339 1385 3421 Verrall‚
1404 3343 1465 3424 qui

184 3462 257 3508 eam
284 3443 372 3509 bene
397 3446 643 3528 interpretatur
666 3459 713 3525 ‚to
738 3445 827 3510 raise
852 3446 908 3511 the
934 3448 1232 3532 morning-hymn,
1262 3462 1295 3513 to
1325 3449 1402 3532 sing
1426 3466 1465 3515 as

29 3545 31 3552 '
139 3598 144 3610 .
184 3568 201 3614 a
226 3552 387 3634 morning
411 3568 497 3635 song
528 3566 648 3637 ,ορνροορ
675 3554 845 3636 pursuing
870 3551 926 3618 the
952 3556 1038 3618 train
1064 3552 1103 3620 oi
1124 3553 1304 3637 metaphor
1322 3571 1466 3639 sugges·

185 3656 241 3721 ted
266 3655 313 3740 by
332 3671 481 3743 ἡμερήσιον
501 3674 575 3744 ράος,
599 3656 806 3742 laurisham).
834 3657 992 3724 Verbum
1019 3676 1190 3747 ἐπορθιάζειν,
1216 3661 1309 3747 quod
1334 3650 1463 3726 habent

186 3764 397 3829 recentiores
422 3763 511 3844 libri,
536 3778 568 3829 et
593 3782 698 3829 sensu
722 3765 875 3832 deterius
899 3780 952 3832 est
975 3785 1076 3852 quam
1105 3783 1285 3855 οοορνροοιιοιν
1314 3767 1464 3834 Medicei

184 3884 216 3935 et
251 3869 295 3934 ob
331 3886 405 3934 eam
436 3887 574 3954 quoque
607 3889 680 3935 rem
713 3870 796 3936 mihi
833 3887 949 3957 aptum
986 3875 1126 3940 videtur
1160 3892 1228 3940 non
1254 3893 1342 3956 esse,
1366 3875 1464 3958 quod

183 3979 307 4042 ceteris
333 3974 500 4060 Aeschyli
524 3976 607 4042 locis
642 3980 675 4042 in
707 3996 744 4043 re
776 3978 912 4064 lugubri
942 3994 1073 4046 tantum
1105 3995 1139 4047 et
1170 3983 1258 4048 tristi
1291 3997 1465 4069 εοοροιοιςοον,

184 4097 338 4170 stuporata»
370 4083 436 4147 dici
466 4082 564 4164 solet,
594 4102 666 4156 non,
695 4098 731 4149 ut
759 4085 814 4151 hic
842 4089 875 4153 in
910 4087 1107 4153 laetissima.
1160 4086 1219 4157 Ci.
1250 4104 1391 4177 ὲοορνιοοιο
1422 4123 1466 4157 νον

183 4207 255 4275 γάοις
287 4189 385 4254 Ρ618.
425 4193 519 4270 1051,
553 4206 733 4278 κάξορθιάζων
754 4208 900 4262 solidani
924 4210 1107 4282 δυσχειμέρους
1127 4210 1191 4274 ἄτας
1210 4210 1252 4282 ὑφ’
1272 4205 1346 4284 ήιιαρ
1365 4211 1466 4283 θερμὸν

185 4311 362 4382 οςοοοορονος
393 4292 485 4362 Cho.
519 4300 595 4378 270,
628 4298 671 4363 de
704 4299 861 4366 tristibus
894 4305 1021 4368 mortui
1055 4302 1152 4369 Darii
1186 4303 1227 4368 ad
1262 4302 1464 4386 sepulcrum

185 4401 462 4468 invocationibus
488 4417 675 4486 usurpatur
698 4418 831 4492 λρονοιιεον
865 4406 962 4474 Pers.
993 4413 1060 4474 688
1087 4425 1160 4495 οροος
1187 4424 1212 4477 οὲ
1243 4428 1359 4499 appot
1388 4424 1466 4497 ὲρρυς

185 4525 394 4594 ἑοιιῖλτεςοάφου
413 4524 457 4575 καὶ
477 4526 646 4596 ψυχαγωγοῖς
666 4527 832 4598 ὀρθιάζοντες
850 4531 923 4601 γόοις
946 4529 1050 4603 οἰκτρῶς
1068 4531 1195 4584 καλεῖσθέ
1221 4537 1256 4603 μ’.
1308 4514 1465 4584 Cassan·
