3216 5040
167 420 219 491 χρὴ
239 419 266 469 το
287 414 389 467 δούλιον
408 415 492 485 ζυγόν,
517 413 693 483 βΐῧθῖθΐθῧ
717 414 796 486 τώμῷ
826 399 888 483 Ag.
912 402 996 464 1592
1015 415 1103 485 (πατρὶ
1123 413 1211 485 τώμῷ,
1228 417 1365 486 κρεουργὸν
1378 414 1453 488 ἦμαρ
1482 458 1490 472 ,

167 524 290 594 εὐθύμως
312 520 491 592 oleatum,
515 525 663 591 quorum
690 506 931 590 exemplorum
958 520 1075 572 monet
1100 504 1254 591 Blaydes
1289 506 1357 591 (ed.
1387 506 1449 592 Ag.
1543 576 1547 583 ,

168 621 265 696 1898,
291 633 323 698 p.
347 611 392 697 4).
442 611 599 679 Omnino
625 612 839 698 Aeschylum
869 613 902 678 'ct
927 611 1133 697 Sophoclem
1166 613 1283 697 legens
1309 616 1452 679 miratus

167 742 258 803 sum,
283 739 386 806 quam
412 737 514 804 saepe
538 721 629 804 apud
661 721 749 786 duos
782 735 900 805 poetas
929 723 1101 805 imprimis
1133 722 1224 804 apud
1257 719 1451 806 Aschylum

168 848 246 895 cum
283 831 424 894 ineunte
448 841 530 900 ,tum
565 842 715 892 exeunte
747 845 853 892 versu
888 829 1093 910 pronomina
1124 843 1200 915 ἐμὴν,
1221 809 1352 913 {polz-pa
1390 841 1451 892 etc.

170 938 406 1024 reperirentur
438 936 512 999 sine
537 933 607 999 ullo
631 947 771 998 accentu
798 947 830 998 et
855 950 957 1017 quam
983 914 1308 1018 crebro'praeterea
1332 934 1451 999 eadem

168 1043 374 1128 pronomina
409 1043 534 1123 scripta
566 1040 759 1124 legeremus
792 1041 842 1105 eis
873 1039 968 1121 lociS,
1000 1040 1059 1105 ubi
1091 1043 1124 1105 in
1155 1039 1453 1107 oratione'soluta

165 1163 263 1216 cesto
287 1150 530 1213 omitterentur
554 1146 649 1211 velut
675 1143 836 1230 Choeph.
865 1151 904 1211 l7
927 1161 970 1213 καὶ
998 1165 1050 1232 γὰρ
1077 1161 1220 1232 Ἠλέκτραν
1252 1161 1318 1213 luzo
1347 1163 1453 1233 οτεὶχεν

168 1251 289 1343 ἀδελφὴν
305 1273 351 1342 τὴν
371 1271 437 1342 ἐμὴν
459 1247 647 1339 πένθειλογρῷ
664 1269 809 1339 πρέπουσαν
832 1254 977 1338 allisque
1002 1253 1086 1318 lOClS
1115 1253 1285 1337 plurimis·
1334 1250 1449 1336 Quam

170 1363 215 1430 ob
240 1381 310 1427 rem
338 1364 369 1426 in
396 1362 635 1445 cogitationem
662 1361 776 1440 incidi,
807 1378 909 1444 quam
942 1359 1090 1425 sortasse
1122 1361 1204 1425 alias
1236 1360 1395 1444 pluribus
1419 1375 1472 1454 εει

171 1452 461 1553 probabilioribus
486 1469 698 1551 argumentis
724 1465 861 1532 lirmare
887 1486 941 1532 me
966 1484 1070 1551 posse
1098 1451 1339 1550 sperosusum
1373 1486 1453 1551 pro-

169 1579 347 1642 nominum
374 1575 608 1640 multolatius
633 1587 750 1658 patere
775 1575 865 1659 apud
891 1577 1036 1659 tragicos
1062 1577 1234 1658 imprimis
1269 1577 1301 1639 in
1335 1575 1451 1640 diver·

168 1684 232 1749 biis
263 1700 365 1767 quam
392 1684 425 1746 in
451 1685 605 1747 oratione
631 1682 741 1747 soluta
766 1696 799 1746 et
824 1684 974 1746 maxime
1005 1682 1095 1764 apud
1122 1678 1336 1764 Aeschylum
1367 1681 1450 1766 illud

167 1807 241 1878 ἐμήν,
257 1805 331 1876 ἐμῆς,
347 1805 408 1874 appi,
424 1805 481 1869 ἐγώ,
502 1805 569 1874 ἐμοὶ,
589 1805 635 1874 ἐμὲ
662 1791 847 1873 praecipuo
864 1789 1013 1872 quodam
1032 1771 1150 1855 amore
1167 1803 1316 1853 exeunte
1334 1802 1451 1869 versu,

168 1915 271 1981 saepe
296 1898 396 1961 etiam
423 1898 562 1961 ineunte
588 1899 759 1979 usurpari,
784 1889 886 1980 qu'am
912 1895 956 1961 ob
983 1913 1054 1961 rem
1077 1894 1168 1960 haud
1192 1897 1264 1960 scio
1288 1913 1329 1961 an
1354 1897 1452 1962 liceat

169 2006 325 2069 conicere
358 2017 493 2086 poetam
525 2003 590 2067 hoc
626 2006 726 2068 etiam
764 2003 825 2067 hac
858 2003 901 2068 de
934 2021 1035 2067 causa
1068 2005 1206 2085 saepius
1240 2000 1373 2082 fecisse,
1415 2018 1476 2069 ut·

171 2109 237 2174 illis
261 2110 439 2176 vocabulis
464 2093 614 2174 iambum
634 2107 864 2175 efficientibus
883 2107 979 2174 facile
996 2109 1153 2193 expleret
1170 2112 1344 2175 senarium
1364 2112 1451 2176 sicut

172 2215 349 2283 Homerus
374 2216 538 2300 particula
564 2231 596 2302 pt
620 2215 764 2298 aliisque
789 2215 981 2281 hexametri
1007 2216 1192 2300 supplendi
1222 2235 1323 2282 causa
1348 2235 1450 2300 saepe

169 2341 256 2388 usus
277 2339 339 2389 est.
390 2323 533 2388 Errasse
558 2323 641 2387 mihi
667 2325 769 2407 igitur
792 2323 932 2388 videtur
957 2321 1069 2402 Blass,
1095 2342 1172 2387 cum
1199 2323 1219 2387 l.
1245 2322 1265 2387 l.
1291 2324 1332 2388 ad
1358 2321 1450 2390 Cho,

170 2435 210 2496 19
252 2443 272 2496 ὦ
293 2448 350 2510 Ζεῦ,
371 2445 413 2508 λος
434 2465 465 2518 με
485 2446 623 2512 catenatim
643 2447 722 2517 μόρον
742 2419 844 2515 πατρὸς,
864 2453 936 2514 γενοῦ
957 2444 983 2498 δὲ
1006 2447 1137 2514 σύμμαχος
1156 2447 1242 2496 θέλων
1262 2446 1325 2514 ἐμοὶ,
1366 2431 1450 2496 illud
1501 2497 1503 2504 ,

168 2554 222 2622 ἐμοὶ
252 2553 402 2603 exeunte
437 2557 548 2603 versu·
577 2540 775 2622 oppositum
812 2531 889 2602 esse
926 2537 1095 2603 vocabulo
1131 2555 1226 2624 πατρὸς
1264 2539 1352 2603 dicat
1388 2557 1451 2603 nec

170 2647 278 2726 magis
292 2645 325 2708 id
345 2648 542 2728 oppositum
558 2644 641 2711 mihi
656 2646 795 2710 videtur
812 2663 913 2729 quam
941 2645 1024 2710 illud
1042 2680 1084 2728 po.
1101 2647 1134 2710 in
1153 2662 1258 2710 versu
1278 2645 1453 2711 simillimo

173 2745 265 2815 Cho.
290 2755 313 2813 2
346 2769 431 2838 πατὴρ
450 2775 524 2838 γενοῦ
546 2787 586 2836 ρολ
609 2767 744 2837 σύμμαχος
764 2770 784 2820 τ’
804 2765 952 2836 αἰτονρένῳ,
982 2752 1110 2836 quibus
1141 2751 1312 2835 exemplis
1344 2735 1451 2818 mani-¹

170 2855 258 2921 festo
283 2874 422 2941 apparet
447 2875 502 2941 ἐμοὶ
530 2862 604 2924 sine
620 2859 693 2924 ullo
710 2874 850 2924 accentu
877 2873 912 2924 ut
937 2893 978 2941 po.
1004 2863 1164 2942 usurpari
1183 2861 1273 2943 apud
1293 2858 1450 2944 Aeschy-

168 2963 239 3028 lum
265 2984 377 3049 posse.
426 2959 610 3034 Ch'etiam
638 2983 684 3050 ayn
710 2969 743 3031 in
769 2979 816 3034 οἶδ’
837 2951 892 3052 ἐγώ
917 2966 1062 3050 aliisque
1079 2965 1198 3032 verbis
1216 2967 1311 3032 velut
1329 2965 1448 3052 Suppl.

167 3075 233 3136 748
261 3090 360 3160 thapsa.
381 3089 523 3160 μαχοῦνται
543 3090 696 3159 mamuchan,
718 3085 902 3159 οάρ’·οἶδ’ἑγο’ν
927 3073 982 3138 Vel
1010 3071 1072 3157 Ag.
1102 3078 1186 3147 1668
1211 3085 1448 3160 οἶδ’ὲγὼφεύγον-
1526 3108 1529 3114 ’

167 3213 211 3255 τας
237 3193 329 3265 ἄνδρας
349 3194 455 3257 ἐλπίδας
477 3193 646 3262 οιταομὲνοος,
664 3181 721 3245 [lbi
747 3197 798 3266 ἐγώ
824 3199 890 3246 11οΠ
919 3183 1025 3265 magis
1050 3163 1250 3246 dlStlssCtllm
1276 3195 1328 3247 est
1345 3198 1447 3265 quam

168 3287 316 3369 exempli
349 3291 455 3370 gratia
487 3289 578 3372 apud
617 3285 856 3372 Francogallos
891 3290 923 3368 je
960 3290 993 3353 in
1025 3290 1172 3369 jesais.
1220 3284 1448 3372 Quantopere

167 3392 249 3458 illud
274 3407 324 3478 ὲ-,ο
350 3407 451 3478 atque
475 3399 576 3460 etiam
605 3412 633 3462 ao
660 3396 750 3479 apud
777 3394 991 3479 Aeschylum
1018 3409 1050 3460 et
1076 3398 1222 3480 tragicos
1254 3398 1348 3460 omni
1379 3396 1450 3461 dis-

158 3502 330 3576 tinctione
355 3516 502 3581 careant,
532 3521 576 3567 ex
608 3522 648 3568 eo
680 3521 819 3586 quoque
853 3520 1005 3587 apparet,
1039 3503 1132 3588 quod
1168 3521 1270 3586 saepe
1294 3519 1353 3588 ,aso
1384 3521 1448 3586 pro

166 3619 215 3688 εἰμί
241 3603 422 3671 deficiente
447 3621 479 3672 et
505 3611 583 3673 item
612 3626 645 3677 ao
675 3621 785 3694 prosi.
816 3612 973 3693 ponitur;
1012 3608 1053 3675 cf.
1086 3609 1203 3676 Prom.
1237 3614 1303 3674 262
1334 3626 1377 3676 ναὶ
1397 3627 1448 3698 μὴν

165 3728 251 3799 φίλοις
271 3728 366 3788 ἐλεινὸς
387 3727 488 3799 εἰσορᾶν
510 3733 568 3800 ἐγώ,
596 3715 713 3782 ΡΓΟῙΠ.
739 3723 781 3781 42
812 3733 863 3784 αῐεί
890 3753 916 3784 τε
936 3732 970 3805 δὴ
995 3733 1082 3805 νηλὴς
1102 3735 1131 3784 σὺ
1156 3731 1198 3783 καὶ
1225 3733 1342 3803 θράσους
1366 3732 1448 3794 πλέως

166 3834 198 3884 et
222 3818 285 3884 alia
310 3819 458 3903 plurima
483 3822 651 3905 exempla.
694 3822 811 3907 Itaque
828 3843 871 3889 ne
889 3817 1130 3899 Schneidewin
1150 3824 1289 3910 quidem
1308 3823 1460 3890 audien-⁶

167 3924 232 3990 dus
266 3927 348 3991 mihi
385 3928 534 4010 videtur,
573 3931 631 4012 qui
668 3931 709 3994 ad
746 3930 808 4014 Ag.
844 3935 904 3995 301
945 3929 1276 4016 (Wecklein-Vitelli
1312 3950 1346 3996 v.
1368 3929 1447 4014 327)

167 4045 258 4118 τέκμαρ
278 4057 391 4101 τοιοῦτον
409 4052 535 4121 σύμβολον
560 4084 579 4103 t
595 4071 634 4102 aot
667 4034 730 4121 (Sic
762 4038 983 4103 scribendum
1013 4057 1090 4102 clim
1117 4038 1346 4118 Wecklelssio,
1378 4057 1446 4103 110ss

167 4169 192 4202 τε
214 4153 252 4203 soi
276 4158 352 4206 cum
384 4139 663 4227 Schneidewino)
687 4160 755 4227 λέγω
775 4159 864 4230 ἀνδρὸς
884 4159 1107 4230 παραγγείλαντος
1127 4160 1151 4210 ἐκ
1172 4160 1270 4231 Τροίας
1289 4160 1343 4228 ἐμοὶ
1363 4144 1446 4211 illud
1490 4127 1495 4138 ο

167 4257 220 4325 ἐμοὶ
242 4264 390 4315 exeunte
416 4264 522 4314 versu
547 4253 745 4334 oppositum
771 4270 848 4316 esse
873 4252 961 4316 dicat
986 4252 1161 4318 choreutis
1186 4252 1331 4336 aliisque
1364 4250 1447 4336 (aput

166 4350 294 4433 berum,
319 4357 433 4422 indem
460 4355 718 4440 Clytaemestra
744 4358 799 4423 dic
824 4358 925 4424 Alten
953 4357 1071 4425 fiihlen
1104 4360 1197 4439 liisst,
1230 4360 1311 4425 dass
1341 4359 1445 4424 ihnen

166 4461 382 4528 mitzuteilen
413 4465 466 4529 ihr
496 4464 640 4546 beliebe,
670 4483 741 4529 was
778 4466 958 4550 cigentlich
991 4451 1057 4531 nur
1087 4465 1143 4532 fiir
1174 4469 1224 4532 sie
1255 4467 1355 4531 allein
1389 4467 1447 4532 be·

79 4653 86 4668 .
164 4569 297 4634 stimmt
321 4569 407 4654 sei‘).
457 4571 575 4656 ltaque
600 4571 675 4636 aliis
700 4589 839 4655 quoque
864 4572 948 4637 locis
973 4571 1057 4638 illud
1083 4588 1108 4639 ot
1130 4609 1179 4657 po,
1200 4588 1228 4640 ot
1247 4609 1277 4656 με
1298 4576 1331 4638 in
1349 4588 1446 4656 eapti,
