3216 5040
755 245 912 297 ...13-

196 394 384 461 Pindarum
397 387 436 478 51)
462 396 560 478 quasi
586 394 755 458 montium
782 405 970 456 torrentem
1002 388 1110 454 luisse
1139 391 1253 453 omnia
1284 406 1418 452 summa
1443 391 1478 453 vi

194 521 310 568 secum
338 504 539 584 rapientem,
558 498 763 583 Sophoclem
784 513 956 581 tamquam
973 514 1158 560 amoenum
1178 497 1346 577 montium
1366 494 1476 559 lacum

193 612 388 689 serenitate,
413 606 670 691 tranquillitate,
695 605 779 670 solis
805 608 916 670 nitore
941 604 1082 687 plenum
1113 602 1169 668 vel
1202 617 1238 667 ut
1267 622 1335 668 non
1362 602 1489 668 solum·

194 735 237 782 ex
271 734 387 780 rerum
419 719 538 779 natu'ra
568 713 828 782 similitudinem
861 703 1097 791 desumamus,
1123 711 1305 775 sedetiam
1337 725 1477 775 exarte

173 823 249 887 ·vel
274 825 460 906 potius'ex
486 820 684 905 sculptura,
702 838 804 903 quam
836 820 985 883 maxime
1015 819 1105 901 aqud
1133 814 1289 883 Graecos
1319 817 1478 898 similiter

193 945 294 1013 atque
332 931 452 1013 poesin
490 932 700 993 incrementa
737 929 871 1011 cepisse
905 940 937 992 et
959 913 1088 990 'multis
1122 924 1271 990 vinculis
1304 927 1476 1008 arctisque

192 1053 269 1102 cum
297 1056 334 1102 ea
359 1039 575 1117 conjunctam
603 1033 710 1100 luisse
734 1048 867 1101 constat
891 1032 947 1117 (ci.
975 1032 1200 1113 Huddilston,
1219 1028 1341 1098 Greek
1366 1049 1417 1098 art
1442 1037 1475 1098 in

193 1144 377 1227 Euripides
410 1142 598 1226 Aischylos
628 1140 829 1226 Sophocles,
860 1140 1008 1208 Dissert.
1040 1139 1175 1205 Monac.
1205 1143 1299 1220 1898,
1334 1139 1496 1222 Robert,

193 1249 274 1316 Bild
286 1252 357 1316 und
374 1249 457 1315 Lied
473 1249 581 1333 1887),
596 1264 687 1314 recte
704 1250 769 1314 dici
789 1247 871 1314 mihi
890 1266 993 1331 posse
1011 1248 1150 1313 videtur
1167 1245 1332 1329 Aeschyli
1351 1266 1476 1313 versus

189 1372 224 1422 et
241 1357 425 1422 dictionem
452 1356 582 1422 similes
607 1375 684 1421 esse
710 1356 829 1421 solidis
859 1355 925 1420 illis
951 1357 1044 1422 saxis
1069 1355 1256 1437 quadratis,
1280 1373 1323 1418 ex
1348 1354 1476 1437 quibus

191 1464 327 1530 illustre
351 1463 532 1530 Minervae
557 1467 590 1528 in
616 1483 693 1528 arce
716 1462 931 1528 Athenarum
959 1462 1124 1546 templum
1143 1467 1373 1546 compositum
1392 1477 1475 1542 erat,

185 1586 224 1652 et
265 1572 462 1654 ingentibus
506 1574 580 1638 eius
629 1562 810 1650 columnis,
857 1568 1039 1653 Sophoclis
1084 1587 1188 1654 opera
1232 1584 1345 1635 autem
1396 1568 1477 1634 Phi-

189 1678 266 1743 diae
303 1663 369 1743 illis
403 1678 546 1762 zophori
582 1677 788 1762 imaginibus
826 1693 891 1742 tam
930 1676 1097 1742 suavibus
1134 1692 1272 1761 tamque
1307 1676 1474 1742 hilaribus
1580 1760 1581 1763 Ἴ

188 1800 292 1868 atque
318 1789 351 1850 in
378 1804 512 1850 summa
538 1788 703 1851 varietate
728 1800 793 1851 tam
820 1787 946 1869 quietis
971 1799 1003 1849 et
1028 1785 1358 1877 ordinatisquibus
1383 1785 1472 1850 idem

191 1892 357 1975 templum
384 1906 589 1956 exornatum
616 1906 698 1956 erat.
723 1889 887 1974 Quorum
914 1907 990 1957 uter
1008 1893 1117 1974 major
1135 1890 1248 1972 luerit,
1274 1910 1382 1976 aeque
1400 1894 1476 1957 inu·

189 1999 248 2064 tile
274 2014 326 2064 est
350 2002 549 2064 examinare
574 2012 675 2082 atque
700 2017 879 2082 quaerere,
912 2014 1027 2064 utrum
1055 1995 1194 2064 Goethe
1212 1997 1330 2064 luerit
1365 2001 1474 2080 major

189 2123 231 2171 an
259 2104 420 2187 Schiller;
446 2124 523 2171 nam
549 2109 583 2171 in
609 2125 673 2170 suo
698 2124 823 2190 genere
852 2120 885 2170 et
911 2104 1108 2189 Aeschylus
1133 2121 1166 2171 et
1191 2103 1380 2190 Sophocles
1406 2109 1476 2171 sin-

188 2213 318 2296 gularis
351 2227 384 2277 et
408 2211 583 2296 perfectus
608 2227 680 2277 erat
705 2215 793 2278 sicut
818 2228 963 2296 uterque
986 2211 1122 2283 illorum
1142 2228 1321 2296 poetarum
1342 2230 1475 2278 nostra-

109 2301 110 2308 *
188 2322 287 2400 tium,
313 2322 378 2384 nisi
404 2304 498 2403 q'uod
523 2318 721 2412 Aeschylus
747 2335 782 2385 ut
806 2316 944 2385 Goethe
969 2338 986 2384 a
1012 2335 1132 2385 natura
1166 2323 1302 2404 ingenio
1332 2321 1472 2404 paulum

188 2426 426 2510 splendidiore
463 2428 639 2510 praeditus
676 2442 757 2506 erat,
793 2428 825 2492 id
860 2428 952 2511 quod
991 2425 1181 2511 Sophocles
1215 2431 1343 2510 pariter
1372 2441 1474 2511 atque

189 2531 337 2598 Schiller
356 2533 470 2598 studio
495 2549 527 2599 et
549 2534 819 2618 meditationeal)
843 2538 994 2604 resarsit.
1036 2534 1202 2618 Progredi
1215 2549 1328 2600 autem
1347 2553 1474 2618 nuper-

188 2643 278 2706 rime
312 2640 399 2706 ultra
433 2641 574 2706 modum
611 2640 693 2724 mihi
728 2642 867 2707 videtur
898 2641 1138 2723 Wilamowitz,
1173 2645 1228 2707 die
1260 2644 1473 2727 griechische

190 2745 364 2812 Literatur
389 2750 450 2813 des
476 2747 680 2828 Altertums,
699 2747 838 2833 Leipzig
866 2753 947 2814 1905
972 2769 1003 2833 p.
1029 2753 1082 2830 to,
1099 2767 1202 2832 quem
1230 2749 1275 2815 ibi
1295 2748 1471 2834 Aeschylo
1533 2774 1534 2784 ¹

189 2856 294 2918 nimis
324 2853 567 2940 suffragantem
601 2853 782 2939 Sophoclis
812 2855 971 2922 laudibus
1003 2858 1129 2937 injuste
1158 2856 1308 2922 arbitror
1339 2857 1474 2923 obtrec-

189 2960 321 3046 tare.⁵³)
370 2961 429 3028 Sin
456 2978 568 3027 autem
595 2981 672 3028 cum
699 2963 768 3029 ullo
794 2965 1024 3028 recentiorum
1051 2978 1230 3047 poetarum
1257 2962 1471 3047 Aeschylum

187 3086 391 3151 comparare
416 3070 504 3149 licet,
528 3072 658 3153 optime
683 3089 759 3134 cum
787 3068 1051 3153 Shakespeario,
1081 3072 1115 3136 id
1145 3071 1238 3155 quod
1268 3074 1333 3136 iam
1375 3071 1472 3137 Keck

190 3177 223 3238 in
250 3174 460 3259 praefatione
496 3177 537 3241 ad
574 3174 847 3260 Agamemnonis
878 3177 1063 3244 editionem
1097 3176 1292 3262 monuit,⁵⁴)
1321 3178 1471 3244 conferri

188 3300 293 3365 posse
317 3298 420 3366 atque
444 3283 488 3348 ob
514 3301 587 3350 eam
615 3302 686 3348 rem
713 3303 782 3348 non
801 3286 973 3349 immerito
998 3284 1040 3349 ab
1064 3285 1139 3350 aliis
1158 3283 1356 3370 Aeschylus
1374 3285 1472 3367 ,Sha-

190 3388 393 3471 kespearius
418 3389 641 3475 antiquus‘55)
667 3390 857 3475 appellatus
882 3409 959 3456 esse
985 3390 1067 3456 mihi
1093 3393 1233 3476 quidem
1259 3394 1407 3460 videtur.

280 3495 398 3561 Restat
423 3497 634 3580 denique'ut
658 3498 780 3563 addam
807 3501 907 3563 etiam
933 3498 994 3564 hac
1020 3501 1053 3562 in
1080 3518 1116 3563 re
1137 3498 1346 3584 singularem
1365 3517 1472 3584 quan-

188 3601 266 3666 dam
293 3601 459 3685 Aeschyli
485 3607 649 3671 virtutem
675 3608 800 3686 inesse,
825 3605 918 3689 quod
935 3608 1091 3670 omnium
1114 3621 1293 3690 poetarum
1312 3621 1470 3671 veterum

188 3711 356 3774 acerrime
390 3725 422 3775 et
456 3714 673 3794 apertissime
709 3716 880 3796 imprimis
917 3715 950 3777 in
988 3710 1128 3778 Orestis
1168 3731 1316 3797 persona
1356 3717 1471 3798 expri-

189 3816 312 3880 menda
347 3835 518 3882 summam
552 3818 642 3884 illam
678 3834 710 3885 et
739 3819 972 3886 inevitabilem
1003 3823 1232 3885 conscientiae
1262 3824 1366 3886 animi
1398 3825 1469 3887 vim

188 3937 221 3987 et
245 3926 444 4006 potentiam,
469 3943 557 4007 quae
582 3925 685 3990 nullis
710 3929 851 4010 argutiis
876 3927 1122 4010 sophistarum,
1146 3931 1204 4011 qui
1231 3946 1304 3992 eam
1328 3931 1471 3994 omnino

189 4043 330 4094 naturae
354 4029 534 4096 hominum
561 4034 697 4097 insitam
723 4051 800 4098 esse
825 4049 959 4118 negant,
992 4034 1062 4099 tolli
1087 4049 1211 4119 potest,
1241 4054 1318 4100 cum
1351 4052 1470 4118 magna

187 4150 280 4201 certe
316 4141 548 4221 spectatorum
586 4142 818 4205 commotione
854 4144 1049 4206 animorum
1084 4145 1268 4226 perspicue
1311 4142 1469 4220 illustrat,

188 4244 286 4310 cuius
312 4247 361 4309 rei
387 4243 464 4309 linis
490 4242 836 4330 Choephororumffi)
861 4260 894 4312 et
924 4247 1155 4314 Eumenidum
1188 4247 1300 4314 iabula
1329 4251 1472 4313 immor-

189 4348 253 4414 tale
277 4351 384 4415 edunt
408 4352 619 4436 exemplum.
667 4352 794 4418 Merito
819 4356 922 4438 igitur
947 4352 1145 4440 Aeschylus
1176 4343 1340 4440 appellari
1366 4374 1470 4438 posse

188 4455 271 4520 mihi
294 4458 432 4522 videtur
453 4457 567 4542 ,poeta
592 4462 821 4552 conscientiae
849 4463 954 4527 animi
974 4478 1031 4529 tae
1055 4477 1168 4550 ἐξοχὴν]
1183 4462 1224 4548 ⁶⁷)

278 4561 373 4630 Haec
393 4562 464 4631 iere
478 4581 569 4648 sunt,
583 4584 670 4651 quae
684 4566 768 4634 mihi
782 4569 922 4651 quidem
941 4569 976 4634 in
992 4566 1168 4653 Aeschylo
1183 4573 1351 4636 universo
1368 4570 1470 4636 valde
