3216 5040
737 197 893 250 „22-

173 339 267 422 quod
299 341 514 404 novissimus
546 326 818 425 Agamemnonis
849 341 960 406 editor
991 338 1139 421 Verrall,
1172 342 1271 421 cujus
1303 341 1382 407 libri
1410 343 1454 426 (a.

177 443 274 529 1904)
307 446 412 511 multa
444 465 534 512 nova
566 445 775 530 proferentis
806 465 824 512 a
856 444 988 514 Crusio
1021 449 1173 516 monitus
1205 466 1294 528 sum,
1324 467 1356 532 p.
1392 454 1455 515 194

168 569 276 638 αεεγανς
303 570 371 618 non
396 554 560 637 explicari
586 573 689 638 posse
714 555 898 620 contendat
921 557 967 636 ,in
994 555 1104 635 tecto‘,
1130 555 1190 619 sed
1215 557 1261 634 ,in
1287 558 1455 624 interiore

173 674 269 742 parte
294 660 442 727 domus‘.
475 649 579 744 (Vide'
610 662 684 742 ejus
717 662 841 726 verba:
872 678 1035 748 καμᾶγνενας
1055 679 1165 748 αεεγανς,
1194 660 1223 727 11
1250 661 1307 728 the
1338 665 1454 732 dative

173 785 266 832 were
291 753 392 832 taken
418 786 455 833 as
479 767 692 851 quasi-local,
717 767 841 834 should
868 786 966 834 mean
991 768 1159 854 ,sleeping
1182 771 1215 834 in
1242 770 1299 836 the
1320 768 1479 854 house‘,'

173 892 209 938 as
236 888 473 960 εαεγααᾶιγεννακ
498 874 594 957 (Eur.
617 869 685 941 'Or.
710 872 767 958 46)
797 893 915 940 ἄνειπε
946 890 991 956 ,to
1017 879 1153 942 receive
1177 878 1211 941 in
1239 875 1295 942 the
1320 876 1451 960 house‘,

174 981 295 1062 under,
321 996 380 1046 not
403 1000 448 1046 on
475 982 530 1047 the
556 981 643 1063 rool,
668 985 734 1050 and
761 999 894 1069 κγ’νζεεναι
921 1001 1023 1068 εεεγαες
1045 983 1142 1068 (Eur.
1169 982 1254 1049 Hec.
1284 982 1376 1068 1014)
1399 1001 1448 1065 ,ιο

174 1086 215 1152 be
241 1087 323 1171 kept
347 1090 381 1152 in
407 1088 463 1154 the
488 1087 633 1173 house‘.)
681 1088 735 1156 Ad
760 1091 847 1156 hanc
863 1089 1026 1155 Verrallii
1044 1093 1247 1157 sententiam
1265 1091 1442 1157 dicendum

172 1210 224 1259 est
256 1211 344 1283 στέγη,
367 1211 465 1281 στέγος,
490 1199 590 1263 etlam
623 1214 695 1286 τέγη,
726 1213 797 1284 τέγος
829 1196 885 1281 (Cf.
916 1213 1018 1283 στέγειν,
1040 1214 1171 1284 στεγάζειν
1197 1213 1311 1282 tegere
1341 1214 1443 1284 στέγασ-

172 1337 230 1386 αγαν
251 1316 343 1388 ἄναγνα
368 1300 530 1387 Choeph.
554 1303 633 1386 982)
665 1317 773 1373 sensu
804 1305 989 1387 originario
1019 1302 1212 1388 significare
1243 1304 1327 1369 nihil
1360 1305 1446 1370 aliud

174 1410 238 1472 nisi
276 1424 413 1489 tectum,
448 1424 568 1493 postea
601 1411 741 1476 demum
777 1429 839 1494 per
868 1413 1024 1498 εανέκᾶνγγν
1056 1410 1257 1476 translatum
1298 1431 1378 1478 esse
1418 1416 1450 1478 in

156 1517 348 1580 ‘notionem
375 1519 478 1582 totius
507 1517 633 1582 domus
664 1520 752 1583 sicut
782 1517 901 1584 Latine
933 1532 1057 1584 tectum
1090 1533 1154 1602 pro
1184 1522 1263 1584 totis
1296 1520 1451 1586 aedibus.

172 1618 289 1703 Quem
315 1623 469 1690 dativum
494 1623 558 1689 loci
584 1641 652 1690 non
678 1624 791 1691 solum
816 1627 907 1710 apud
932 1639 1050 1709 poetas
1071 1627 1232 1691 usitatum
1252 1622 1372 1708 fuisse,
1390 1629 1451 1693 sed

171 1731 271 1793 etiam
298 1732 331 1794 in
356 1733 512 1796 oratione
536 1732 688 1815 pedestri
718 1750 759 1796 eo
782 1751 922 1817 quoque
943 1732 1027 1799 mihi
1051 1733 1282 1798 demonstrari
1300 1734 1451 1816 videtur,

171 1837 265 1920 quod
299 1841 509 1920 grammatici
544 1841 715 1922 imprimis
751 1837 952 1923 Hesychius
984 1841 1018 1904 in
1052 1839 1216 1905 versibus
1264 1837 1451 1906 afferendis

172 1944 310 2026 saepius
335 1945 453 2009 dicunt
478 1944 628 2029 exempli
660 1963 762 2010 causa
794 1943 924 2031 Α’ῑαγᾶννγ
944 1960 1124 2032 Ἀγαμεμνενν
1149 1964 1213 2029 pro
1238 1962 1261 2012 εν
1290 1961 1341 2026 ’,4,
1371 1961 1450 2034 Εὐρε-

171 2063 249 2137 esaya
269 2064 413 2136 νιελεᾶγγκγν
447 2066 480 2116 et
513 2051 647 2117 similia.
705 2050 832 2135 Itaque.
859 2070 927 2117 non
962 2054 1133 2117 assentior
1164 2050 1337 2118 Verrallio
1370 2071 1448 2118 cum

170 2157 260 2221 dicat
284 2159 318 2222 in
350 2154 460 2234 forma
491 2175 590 2242 αεεγακς
614 2158 758 2224 dubium
791 2176 868 2223 esse
897 2157 993 2223 illum
1022 2159 1177 2226 dativum
1209 2157 1292 2243 (,the
1314 2149 1384 2225 ¹use
1414 2158 1454 2225 of
1519 2153 1522 2160 ’

33 2271 36 2278 “
102 2362 107 2373 1
172 2262 229 2328 the
253 2263 369 2330 dative
394 2267 423 2330 is
448 2264 635 2350 dubious‘).

260 2368 373 2437 Venio
413 2391 504 2437 nunc
539 2374 580 2437 ad
617 2373 881 2456 explicationem
916 2372 1074 2438 vocabuli
1111 2387 1236 2458 ἄγκακνεν,
1267 2373 1310 2437 de
1350 2376 1449 2438 cuius

171 2497 276 2543 sensu
302 2481 367 2543 iam
393 2482 583 2562 antiquitus
607 2481 698 2545 docti
724 2478 869 2544 multum
896 2481 984 2545 inter
1015 2497 1061 2557 se¹
1083 2480 1336 2560 dissenserunt,
1362 2479 1449 2546 Ver·

171 2584 232 2650 rall
267 2603 379 2670 nuper
410 2604 535 2652 novam
569 2587 740 2670 quandam
772 2589 1089 2670 interpretationem
1124 2586 1276 2670 protulit.
1334 2584 1448 2671 Atque

87 2709 89 2711 ·
171 2692 388 2758 scholiastam
418 2695 592 2758 erravisse
623 2711 700 2758 cum
732 2693 862 2760 diceret
885 2711 912 2760 αα
941 2707 966 2759 δι
993 2707 1113 2779 ἄγκαᾶεν
1139 2712 1207 2761 κατὰ
1233 2712 1365 2784 ανγκνειγν
1395 2709 1448 2762 ἄνει

170 2822 212 2868 ταῦ
234 2815 369 2880 ἀνέκαθεν,
389 2817 515 2867 τουτέστιν
541 2814 642 2868 ἄνωθεν
664 2816 691 2880 ἐξ
711 2817 796 2888 ἀρχῆς
832 2803 897 2866 lam
931 2797 1158 2867 GOGOfFCdUS
1197 2799 1377 2866 Hermann
1413 2804 1446 2867 111

170 2898 418 2973 commentario
443 2925 507 2972 suo
532 2904 599 2989 (ed.
629 2912 712 2972 1852
737 2905 805 2972 vol.
841 2905 870 2972 ll
897 2905 1032 2991 pastis)
1065 2922 1155 2972 recte
1185 2909 1361 2974 contendit
1394 2908 1448 2974 his

171 3015 307 3080 verbis:
332 3013 420 3079 Mira
446 3033 597 3099 apocope
631 3033 698 3098 qua
730 3012 859 3079 vocalis
891 3016 1109 3079 necessarius
1140 3014 1296 3080 abicitur.
1347 3014 1448 3080 ·Her-·

171 3139 335 3187 mannum
362 3137 501 3187 secutus
526 3135 578 3188 est
600 3135 736 3206 praeter
760 3119 1049 3187 aliosWecklein.
1092 3119 1188 3186 Bene
1213 3124 1314 3188 etiam
1341 3121 1449 3188 Franz

170 3233 203 3294 in
229 3231 477 3295 commentario
502 3230 662 3296 editionis
682 3247 764 3294 suae
781 3226 936 3311 (Orestia
965 3227 1062 3311 1846)
1082 3227 1324 3296 Hermannum
1350 3249 1448 3296 secu·
1497 3319 1499 3324 Ι

170 3352 225 3402 tus
254 3337 296 3401 de
326 3334 388 3400 hac
420 3355 457 3401 re
488 3336 629 3402 disserit
659 3336 748 3420 (,Ein
775 3327 887 3416 Wort‚
921 3335 1070 3400 welches
1102 3336 1346 3422 urspriinglich
1378 3355 1447 3420 ικᾶς,

169 3460 264 3510 ἔκανεν
291 3445 352 3509 mit
377 3441 557 3528 Digamma
582 3443 686 3524 hiess‚
712 3443 802 3507 kann
829 3445 924 3509 seine
949 3440 1170 3509 Stammsilbe
1195 3443 1289 3510 nicht
1313 3463 1354 3529 so
1375 3445 1448 3511 auf-

169 3549 289 3635 geben,
314 3552 380 3615 wie
404 3568 442 3615 es
467 3549 521 3614 bei
546 3550 609 3616 der
635 3549 737 3616 Form
763 3565 880 3638 ἄγκαθεν
900 3566 1048 3634 (ἄνικαᾶεν)
1071 3552 1311 3617 anzunehmen
1329 3552 1446 3636 wilre).

170 3658 282 3723 Miror
307 3660 421 3742 igitur,
448 3657 540 3742 quod
560 3655 661 3738 Weil,
683 3657 924 3725 Schneidewin
943 3675 1099 3742 (,ανε’καᾶεν,
1116 3675 1225 3739 ἄνανεν,
1246 3663 1448 3745 syncopiert

169 3779 293 3851 ἄγκανεν,
318 3768 383 3831 wie
409 3783 438 3834 ἄν
462 3764 571 3831 neben
598 3781 686 3848 ’1.νᾶ),
713 3766 865 3851 Blaydes
889 3769 1014 3852 aliique
1032 3767 1234 3834 scholiastae
1257 3769 1446 3834 sententiae

169 3869 420 3958 suffragantur3
453 3893 530 3939 nam
563 3893 714 3959 apocopa
739 3877 814 3940 sive
839 3895 992 3960 syncopa
1022 3875 1219 3959 Aeschylus
1245 3893 1313 3940 non
1340 3877 1447 3940 utitur

170 3982 234 4044 nisi
269 3983 301 4045 in
338 3997 394 4060 ἄνα,
414 3998 492 4068 napa,
516 3998 592 4061 καεᾶ,
622 3980 679 4046 ubi
712 3997 866 4049 extrema
900 3982 1029 4049 vocalis
1061 3999 1086 4062 ἄ,
1114 3984 1192 4068 quia
1220 3997 1273 4047 est
1304 3981 1446 4047 levioris

169 4088 344 4168 momenti,
369 4090 500 4154 eicitur.
523 4153 527 4166 ,
549 4086 639 4153 Vide
664 4090 822 4173 exempla
848 4105 956 4167 ἄνεααᾶς
981 4089 1044 4174 Ag.
1069 4093 1100 4170 7,
1121 4093 1215 4170 1179,
1234 4087 1350 4154 Prom.
1368 4093 1443 4168 473,

168 4197 243 4272 733,
262 4197 338 4274 817,
364 4209 509 4272 ἀνδαίοντες
535 4191 597 4279 Ag·
615 4198 691 4276 317,
709 4211 893 4264 ἐπαντείλασαν
922 4196 985 4282 Ag.
1002 4200 1056 4278 27,
1082 4211 1243 4264 ἐπαντέλλειν
1272 4193 1363 4262 Cho.
1380 4200 1442 4261 281

168 4314 311 4385 ἀμπέμπων
342 4297 433 4367 Cho.
457 4307 534 4382 381,
560 4317 683 4388 ἀμφέρειν
708 4300 800 4370 Cho.
825 4309 900 4383 840,
926 4317 1114 4392 ἐπαμβατῆρας
1140 4301 1230 4370 Ch0.
1256 4305 1331 4383 279,
1355 4320 1445 4372 ἀντὲλ-

167 4421 250 4474 λαασα
279 4404 371 4491 Sept.
396 4414 471 4489 522,
497 4423 607 4495 ἀντρέψῃ
634 4407 730 4475 peis.
759 4415 830 4491 166,
856 4425 975 4497 ἀμφαίνω
1001 4408 1119 4494 suppl.
1156 4414 1232 4491 841,
1259 4425 1445 4488 ἐπανδιπλοίζω

170 4513 266 4578 Eum.
296 4519 378 4579 1015
403 4515 466 4598 (sic
491 4515 714 4582 scribendum
740 4531 823 4602 puto
854 4537 931 4583 cum
966 4516 1153 4601 Blaydesio
1185 4536 1248 4600 pro
1274 4533 1445 4594 ,εακᾶαναιτα
