3216 5040
183 381 216 433 et
241 369 411 458 insignem
437 369 575 450 ingenii,
600 366 826 432 consiliorum
845 365 1084 449 factorumque
1102 365 1362 432 similitudinem
1382 383 1464 448 prae

183 493 221 540 SC
246 473 389 554 ferebat,
416 488 448 538 el
473 487 609 558 ebhoqproa
632 490 676 539 καὶ
697 487 891 558 ,εὐθύγλωσσος
913 489 988 561 ἀνήρ’
1018 470 1073 557 (Cf
1109 471 1208 537 pind.
1239 470 1342 555 pyth.
1373 470 1464 554 2,86)

181 584 281 647 etiam
320 584 353 645 in
386 582 647 664 potentissimos
677 581 898 645 adversarios
930 594 1022 645 esset
1058 597 1171 662 neque
1203 580 1300 661 sequi
1338 577 1465 644 soleret

181 690 364 772 opiniones
404 685 497 770 vulgi
538 684 594 769 (cf.
632 683 694 770 Ag.
734 690 799 750 754
822 699 1017 772 atyaa’alim
1036 701 1171 771 μονόφρων
1191 683 1268 770 εἰμὶ),
1301 685 1334 750 id
1371 686 1471 769 quod-

180 795 328 880 amplius
353 794 482 859 accedit
506 793 548 858 ad
579 805 711 858 ceteras
742 796 890 857 virtutes
917 790 1093 876 Aeschylo
1126 794 1296 875 proprias,
1328 807 1462 875 poetam

180 904 309 967 civium
334 903 479 980 animos,
504 918 593 983 quos
618 903 682 964 iam
716 899 949 983 sophistarum
961 897 1001 983 33)
1033 901 1225 983 praeceptis
1251 898 1358 971 imbui
1388 917 1466 964 coe-

180 1012 274 1092 pisse
299 1009 505 1092 putaverim,
530 1005 639 1071 libere
664 1006 821 1086 dicenda,
846 1024 934 1089 quae
960 1009 1034 1089 ipse
1059 1006 1102 1070 de
1128 1004 1303 1089 republica
1328 1020 1361 1071 et
1386 1005 1464 1070 reli-

182 1118 281 1200 gione
313 1116 466 1193 sentiret,
499 1114 533 1178 id
564 1113 658 1196 quod
691 1111 921 1186 Eumenidum
956 1111 1068 1178 fabula
1101 1111 1292 1177 luculenter
1323 1113 1466 1178 demon-

182 1235 321 1302 stratur,
346 1237 598 1304 saepenumero
624 1218 851 1284 vehementer
870 1217 1111 1303 offendisse³4l
1127 1219 1180 1294 ob
1204 1237 1350 1303 eamque
1380 1238 1464 1300 rem,

181 1346 259 1393 cum
285 1331 346 1407 eiS,
371 1345 459 1410 quae
484 1325 549 1391 sibi
574 1327 617 1391 de
643 1329 789 1391 summis
815 1326 920 1392 rebus
938 1335 1169 1410 persuaserat,
1196 1345 1264 1390 non
1283 1324 1462 1410 suffragari

134 1495 141 1508 ,
181 1438 276 1501 cives
302 1435 447 1514 videret,
473 1435 588 1517 potius
613 1436 732 1517 patria,
751 1452 860 1517 quam
887 1452 1025 1498 summo
1049 1452 1167 1498 amore
1184 1432 1464 1517 amplectebatur,

181 1544 353 1622 caruisse;
377 1560 444 1625 qua
470 1543 502 1605 in
530 1559 567 1604 re
599 1538 813 1625 Aeschylum
843 1540 953 1621 ¹hujus
985 1558 1124 1624 quoque
1156 1542 1232 1605 aevi
1265 1539 1465 1606 hominibus

183 1647 402 1714 multifariam
434 1660 470 1712 ut
502 1643 609 1711 Taciti
645 1644 909 1730 temporibus³⁵l
941 1649 1039 1730 quasi
1067 1647 1108 1711 ad
1134 1649 1367 1730 potentiorum
1394 1666 1466 1712 ser-

128 1835 132 1838 ,
182 1757 304 1820 vitium
347 1753 529 1818 ruentibus
569 1771 672 1836 posse
709 1753 908 1836 exemplum
948 1772 1025 1818 esse
1067 1752 1217 1818 arbitror
1254 1740 1496 1818 constantiae¹

183 1861 537 1943 immutabilitatisque
573 1859 797 1925 consiliorum
823 1874 925 1944 atque
955 1859 1118 1925 infractae
1150 1859 1241 1925 illius
1277 1861 1465 1943 invictique

183 1971 283 2034 etiam
310 1971 342 2032 in
369 1970 569 2051 superiores
593 1969 698 2031 animi
723 1966 764 2032 ab
790 1969 883 2032 omni
909 1965 1104 2032 adulatione
1137 1982 1170 2032 et
1194 1969 1328 2051 ignavia
1353 1967 1464 2032 alieni.

183 2072 256 2140 Tali
282 2078 396 2140 animo
427 2076 493 2140 nisi
518 2089 617 2158 poeta
647 2076 721 2156 ipse
754 2072 885 2154 luisset,
915 2092 994 2139 eum
1025 2092 1093 2138 non
1125 2077 1281 2157 potuisse
1313 2074 1466 2141 scribere

184 2197 267 2265 puto
291 2180 575 2263 ,Prometheum‘,
601 2180 794 2246 immortale
820 2180 903 2246 illud
935 2195 968 2248 et
996 2180 1172 2246 excelsum
1205 2180 1385 2265 exemplar
1416 2184 1467 2246 in-

184 2291 293 2354 victae
318 2291 351 2352 in
378 2287 538 2368 vinculis,
564 2287 669 2352 rebus
698 2289 867 2369 adversio,
897 2287 1106 2354 cruciatibus
1139 2286 1361 2369 fortitudinis,
1386 2307 1467 2353 con-

184 2398 338 2476 stantiae,
362 2397 467 2459 animi
491 2395 746 2478 magnitudinis.
788 2393 905 2478 Itaque
924 2396 968 2476 id,
993 2396 1086 2478 quod
1105 2392 1303 2479 Aeschylus
1320 2394 1464 2460 chorum

184 2501 354 2566 adversus
386 2501 565 2566 dominum
597 2520 698 2566 suum
725 2499 943 2596 Aegisthum
961 2505 1108 2585 ingenue
1136 2501 1306 2567 dicentem
1337 2503 1467 2568 inducit

185 2605 262 2692 (Ag.
285 2606 399 2690 1665):
424 2622 470 2674 oba
490 2625 520 2674 ἂν
539 2623 669 2694 Ἀργείων
687 2625 738 2676 τόδ’
759 2623 802 2697 εἴη
822 2633 896 2696 φῶτα
911 2623 1073 2694 προσσαίνειν
1091 2626 1180 2689 κακόν,
1206 2609 1249 2673 de
1274 2611 1349 2692 lpSO
1367 2625 1466 2692 poela

186 2729 306 2780 nostro
331 2714 520 2797 praedicari
555 2733 659 2797 posse
684 2718 846 2781 existimo
877 2730 979 2799 atque
1009 2716 1088 2781 addi
1118 2716 1221 2780 licere
1252 2735 1330 2780 eum
1364 2719 1465 2781 etiam

185 2836 406 2905 aspernatum
433 2839 509 2886 esse
537 2836 619 2908 aqut
643 2835 804 2906 προσσαίνειν
831 2838 920 2900 κακόν,
948 2840 1049 2906 quam
1082 2822 1126 2888 ob
1153 2841 1224 2888 rem
1258 2839 1333 2888 cara
1359 2826 1466 2907 patria

185 2928 353 2993 decedere
394 2927 512 2992 maluit
546 2928 636 3011 apud
672 2931 874 3013 peregrinos
910 2932 1067 2994 victurus
1105 2928 1251 2995 fortasse
1287 2929 1464 2995 meliorem

184 3038 267 3103 artis
293 3053 375 3100 suae
406 3034 702 3120 consiliorumque
735 3035 991 3120 intelligentiam
1022 3037 1197 3102 habentes.
1252 3035 1328 3102 Hoc
1359 3039 1467 3120 respi-

185 3145 286 3207 cienti
314 3140 512 3224 Aeschylus
548 3137 625 3226 ipse'
647 3141 730 3206 mihi
755 3144 894 3208 videtur
925 3145 966 3208 ad
992 3143 1251 3209 humanitatem
1272 3144 1361 3210 illam
1389 3163 1468 3227 pro·

187 3268 328 3333 gressus
354 3267 442 3328 esse,
468 3268 554 3334 quae
580 3268 648 3315 non
674 3250 786 3315 solum
819 3253 975 3335 patriam,
1005 3253 1065 3316 sed
1091 3249 1241 3316 Socratis
1268 3269 1375 3331 more,
1407 3253 1465 3334 qui

187 3357 400 3422 mundanum
431 3375 467 3421 se
492 3376 569 3422 esse
595 3358 693 3438 dixit,
719 3372 826 3423 totum
853 3358 1032 3423 hominum
1060 3377 1168 3442 genus
1194 3374 1317 3442 magno
1349 3377 1467 3423 amore

186 3463 437 3546 complectitur,
462 3465 561 3544 cujus
587 3467 634 3528 rei
661 3463 874 3548 praeclarum
901 3464 1099 3549 exemplum
1126 3465 1244 3531 eadem
1268 3463 1466 3529 Promethei

185 3589 333 3654 persona
359 3585 411 3635 est
436 3568 634 3653 Aeschylei,
659 3575 717 3655 qui
750 3572 790 3636 ad
824 3590 932 3656 genus
965 3571 1152 3637 humanum
1186 3571 1465 3637 conservandum

185 3691 219 3742 et
243 3677 285 3741 ad
310 3676 465 3741 altiorem
492 3676 714 3742 humanitatis
739 3679 882 3762 gradum
911 3679 1190 3761 promovendum
1221 3678 1276 3743 vel
1302 3680 1468 3762 potentis-

186 3787 275 3849 simo
299 3784 365 3848 deo
378 3781 474 3864 Jovi,
499 3786 558 3867 qui
580 3787 770 3868 exstirpato
788 3787 904 3868 priore
922 3804 1047 3869 genere
1065 3784 1216 3850 humano
1235 3803 1364 3850 novum
1389 3803 1468 3868 pro-

186 3908 303 3955 creare
340 3889 424 3969 vult,
461 3905 562 3973 caput
593 3890 876 3974 objicereaudet
902 3910 1129 3975 summosque
1153 3895 1324 3956 cruciarus
1350 3891 1467 3955 subire

187 3996 319 4062 mavult
344 4011 445 4079 arque
471 3999 514 4062 ita
532 3999 630 4080 quasi
649 4015 778 4080 poenas
796 3999 878 4063 dare
896 4001 1007 4082 magni
1026 4001 1163 4082 generis
1180 3998 1321 4062 humani
1339 4000 1467 4062 amoris

186 4101 243 4187 (Cf.
273 4123 306 4169 V·
335 4110 390 4169 ll}
418 4118 606 4188 φιλανθρώπου
626 4119 649 4168 δὲ
671 4119 802 4171 παύεσθαι
822 4121 924 4190 τρόπον,
944 4125 976 4170 V.
1002 4110 1059 4170 28:
1078 4121 1173 4172 τοιαῦτ’
1187 4121 1301 4192 ἑπηύρου
1317 4127 1360 4171 τοῦ
1375 4119 1467 4190 φιλαν-

186 4226 295 4295 apim»
321 4227 423 4295 qinon.
472 4207 600 4274 Similis
629 4211 858 4298 ptimapmtndss)
878 4227 910 4277 et
937 4213 1172 4277 misericordia
1199 4215 1231 4276 in
1258 4211 1467 4277 infirmiores

187 4331 219 4381 et
259 4316 462 4382 humiliores
502 4335 579 4380 cum
621 4322 810 4383 constantia
846 4320 1017 4384 adversus
1054 4321 1254 4402 superiores
1287 4321 1467 4398 coniuncta

187 4426 287 4487 etiam
315 4422 479 4506 Aeschyli
507 4424 663 4489 moribus
690 4440 781 4490 recte
805 4425 943 4491 attribui
970 4444 1073 4509 posse
1099 4427 1182 4491 mihi
1207 4427 1357 4492 videtur.

278 4547 371 4611 Nihil
399 4551 501 4631 igitur
526 4549 665 4613 humani
692 4564 790 4633 poeta
816 4566 934 4616 noster
966 4569 983 4614 a
1015 4570 1052 4615 se
1086 4551 1235 4615 alienum
1266 4551 1405 4634 putabat
1436 4564 1468 4614 et
