925 1388
429 131 477 145 -136
492 139 508 141 -

147 168 234 189 quendam
252 168 316 184 olorem
335 168 402 188 iuesse;
414 171 473 184 contra
490 172 541 189 quem
555 167 650 189 Burmann,
667 169 790 189 quaestionum

148 194 285 216 Aeschylearum
300 195 394 215 specimen,
410 194 457 210 Diss.
473 195 529 216 inaug.
547 193 620 216 Gotting
636 196 678 211 1869
694 199 728 211 non
743 199 791 212 recte

147 221 267 238 demonstrare
284 221 350 238 studuit
367 222 420 237 immo
437 221 479 238 nihil
497 222 513 238 in
529 221 601 243 prologo
620 222 683 242 inesse,
698 222 744 243 quod
760 222 791 239 ab-

148 248 217 265 horreat
230 248 263 269 ulla
275 248 341 264 ratione
353 248 374 264 ab
387 247 416 264 illo
428 248 498 264 sublimi
511 252 571 269 poetae
582 249 650 265 dicendi
663 253 735 270 genere;
743 252 791 266 recte

148 275 189 292 Max
203 275 287 295 Lechner,
304 275 325 291 de
337 278 373 291 arte
387 274 470 296 Aeschyli
486 274 577 295 rhetorica,
593 274 659 292 Curiae
678 275 791 297 Regnitianae

150 303 198 322 1887,
210 301 338 318 Schneidewini
351 302 445 318 sententiae
457 301 562 323 suffragatus
573 305 605 322 est,
615 306 632 318 et
640 307 702 319 revera
711 302 762 319 multa
771 303 789 319 in

147 328 254 345 excubitoris
266 329 344 345 oratione
356 328 470 344 inveniuntur
482 328 559 349 vulgaris
571 329 658 345 sermonis
671 329 733 345 indicia
741 329 787 346 velut

147 355 183 369 aava<
192 355 230 373 δίκην
239 359 252 368 v.
259 355 268 368 a
278 354 328 372 ›2³2me
335 364 337 367 .
345 364 358 367 ..
368 354 430 372 ιμήῑυμ
443 358 455 367 v⁴
466 355 478 370 4,
488 354 513 372 τρῖς
523 354 536 370 ἓξ
546 354 613 373 jamim<
622 355 660 373 apt·
670 355 697 372 ιμηῑ
709 355 785 373 mamam<

149 386 161 395 v.
171 381 192 398 33,
202 381 302 399 ἢ-,απονωμενω
312 385 325 394 v.
336 381 357 397 19,
372 377 418 398 quod
434 377 508 393 verbum
524 382 546 394 ex
560 378 616 399 ipsius
631 377 690 394 famuli
706 383 758 399 opera
770 382 785 395 et

148 405 183 421 vita
195 404 313 425 desumptum,
325 404 374 420 cuius
389 404 413 420 rei
429 408 456 420 me
473 405 539 420 monuit
555 403 638 425 Crusius,
654 409 688 421 non
703 405 764 422 debuit
779 410 788 421 a

148 431 257 448 Weckleinio
274 430 332 452 (1888)
350 430 464 447 Duebnerum
485 427 580 447 secuto'in
600 435 701 453 κεκακωμένου
721 429 790 448 muta'ri.

148 457 206 479 Atque
218 458 269 474 etiam
282 458 298 474 in
312 457 387 474 Cilissae
400 458 472 474 nutricis
484 458 562 474 oratione
574 457 628 478 (Cho.
644 459 678 475 730
689 458 734 480 sqq.)
747 458 790 475 illud

148 485 219 506 vulgare
232 484 296 506 uquue
309 485 385 501 eminere
397 488 464 500 constat
475 488 492 500 et
504 484 583 501 similiter
593 488 644 506 atque
656 485 673 501 in
682 485 791 502 excubitoris

147 512 225 528 oratioue
240 515 326 528 &mamam
344 511 423 527 consulto
435 515 444 527 a
457 515 507 532 poeta
518 515 600 532 usurpata
608 516 653 532 esse,
661 512 678 528 id
687 512 734 533 quod
743 515 791 528 recte

148 538 251 560 significavit
268 538 319 554 Blass
335 537 368 559 (ed.
385 537 466 559 Choeph.
486 538 540 558 1906),
558 543 597 554 cum
615 539 688 555 nutricls
706 539 791 560 loquendi

148 565 255 582 dexteritatis
268 565 344 581 maxime
352 565 424 586 exiguae
433 568 512 581 moneret
520 564 561 586 (,dle
569 565 660 581 idiotische
670 565 792 582 Unbeholfen-

148 592 183 609 heit
198 592 229 608 der
245 591 306 613 Rede‘)
322 595 339 608 et
355 592 427 608 omnino
443 592 516 608 nutricis
533 596 601 608 scenam
619 593 694 609 maxime
711 593 790 609 omnium

148 620 257 640 antiquarum
271 619 397 640 tragoediarum
410 623 449 635 cum
459 618 581 639 Shakespearii
589 619 721 635 consuetudinis
729 619 791 635 simili-

148 646 207 662 tudine
220 646 293 667 quadam
306 645 323 662 id
335 650 376 666 prae
388 650 407 661 se
419 644 465 661 ferre
477 645 547 665 diceret,
560 646 606 667 quod
616 646 718 662 nostratium
732 646 789 667 lingua

148 673 238 689 nominare
252 672 329 689 solemus
341 671 443 692 ‚Realistik‘.
467 671 518 692 Quae
532 677 571 688 cum
587 673 609 688 ita
626 673 666 692 sint,
681 675 706 689 εὖτ’
721 676 735 689 ἄν
754 677 788 689 non

148 704 187 715 cum
200 699 333 716 Wilamowitzio
346 700 362 715 in
376 702 415 716 mm
427 699 528 715 mutandum
541 702 572 715 est.

193 730 249 747 Venio
262 735 308 747 nunc
320 730 340 747 ad
353 730 456 747 vocabulum
469 734 503 752 ἐμήν
519 735 536 746 ν.
553 732 578 750 14,
593 731 640 752 quud
655 730 733 747 Crusius
748 730 788 747 mihi

148 758 202 774 suasit
210 761 228 774 ut
240 757 339 778 diligentius
347 758 464 773 examinarem
477 757 559 778 quodque
567 757 657 774 Wecklein
667 757 725 778 (1888)
735 757 788 774 Herc-

149 788 230 800 mannum
243 787 313 800 secutus
325 788 359 800 non
372 787 418 800 recte
431 784 504 800 mutavit
516 784 532 800 in
544 787 591 805 τίμὴν,
603 788 654 805 quam
667 788 728 800 vocem
738 789 785 801 unam

148 815 187 827 esse
199 815 221 827 ex
234 811 268 827 illis
280 811 339 827 verbis
352 810 420 831 Siculis,
432 815 476 831 quae
489 815 523 827 nou
536 811 558 827 ita
569 810 621 827 multa
631 810 730 832 Aeschylus
739 815 785 827 usur-

148 838 201 859 pavit,
214 837 248 859 Aly
261 837 282 854 de
296 837 378 858 Aeschyli
390 838 439 858 copia
451 837 546 854 verborum
561 838 603 854 1906
617 838 634 854 in
651 837 685 854 fine
702 842 787 854 commen-

149 865 217 881 tationis
233 865 364 881 demonstravit.
393 864 445 881 Recte
459 864 528 881 Verrall
540 868 574 886 ἐμήν
589 865 637 881 initio
653 869 716 881 versus
732 868 789 881 tuetur

149 896 205 912 neque
218 895 274 908 tamen
287 891 318 907 hac
331 892 347 907 in
360 896 378 907 re
391 891 406 907 ei
418 892 509 912 assentior,
524 891 571 912 quod
587 891 627 907 dicit
643 895 680 913 ἐμή-ι,
696 892 735 913 quia
750 895 789 908 cum

148 918 226 939 emphasi
238 918 287 934 initio
299 922 362 934 versus
375 921 477 939 usurpatum
490 921 541 938 esset,
553 918 652 939 oppositum
667 922 706 934 esse
715 918 788 935 aliorum

149 945 197 961 lectis
209 945 295 966 imprimis
308 944 447 965 Clytaemestrae
463 944 508 967 (ssptp
521 944 606 965 emphatic
619 945 636 961 in
652 944 703 964 itself.
719 945 733 961 ls
747 945 789 961 here

148 971 258 992 emphasized
276 971 355 992 strongly
372 971 395 992 by
412 972 487 992 position
504 972 521 987 in
540 971 568 987 the
585 975 666 988 sentence
680 972 714 988 and
732 976 789 992 verse,

151 999 244 1020 importing
256 1002 265 1014 a
277 1001 353 1015 cuntrast
366 998 443 1014 between
460 997 488 1015 the
500 997 574 1019 speaker
588 998 621 1015 and
637 1002 686 1014 some
701 1002 734 1014 one
748 998 790 1019 else,

148 1025 206 1041 whom
220 1025 289 1041 dreams
307 1025 330 1041 do
342 1025 388 1041 visit.
412 1024 449 1041 The
461 1028 532 1041 context
543 1025 601 1046 points
614 1024 642 1041 the
654 1024 733 1041 allusion.
752 1024 790 1042 The

148 1052 218 1068 dreams
233 1051 253 1068 of
264 1051 292 1068 the
305 1052 384 1068 mistress
396 1051 482 1068 cundemu
495 1051 523 1068 the
536 1056 579 1072 poor
591 1055 662 1068 servant
675 1054 692 1068 to
704 1056 713 1068 a
729 1051 790 1072 couch,

149 1078 207 1095 where
219 1078 289 1095 dreams
301 1078 359 1095 would
377 1078 398 1094 be
413 1078 455 1099 only
469 1082 497 1095 too
511 1078 610 1099 welcome‘)
634 1078 674 1094 Non
689 1079 741 1099 igitur
757 1082 790 1100 ᾱμήν

149 1105 184 1122 ullo
197 1105 249 1122 modo
263 1105 362 1126 oppositum
378 1109 417 1122 esse
432 1105 460 1121 alii
473 1105 538 1121 notioni
554 1109 622 1125 censeo,
635 1105 737 1126 praesertim
750 1109 789 1121 cum

148 1132 176 1148 alii
188 1132 220 1148 loci
232 1132 315 1148 simillimi
328 1132 444 1152 inveniantur,
459 1132 489 1148 ubi
502 1136 598 1153 pronomen
613 1132 670 1153 ipsum
683 1136 752 1153 quoque
764 1132 791 1148 in-

149 1162 200 1175 eunte
213 1163 271 1179 versu,
284 1159 415 1180 saepiusetiam
428 1162 503 1175 exeunte
516 1159 591 1180 positum
604 1162 631 1175 est
639 1159 676 1175 sine
689 1158 722 1175 ulla
731 1159 748 1174 vi
761 1162 790 1175 aut

148 1185 264 1202 distinctione.
284 1185 314 1202 Cf.
326 1189 353 1207 ἐμῷ
366 1186 415 1202 initio
427 1190 490 1202 versus
503 1186 540 1202 sine
549 1185 584 1202 ullo
592 1188 663 1201 accentu
672 1185 790 1206 subsequente

149 1215 167 1228 ut
180 1216 219 1233 post
230 1216 264 1234 ἐμήν
276 1212 414 1233 interpunctione
427 1211 458 1233 Ag.
473 1213 514 1228 1224
526 1218 543 1234 τῷ
554 1215 606 1233 μολόντι
615 1215 671 1233 δεσπότῃ
678 1215 758 1233 ὶμψλφίρειν
764 1216 789 1233 γὰρ
