3216 5040
722 241 881 294 ..20—

254 389 291 455 ln
319 403 416 455 textu
443 387 621 454 afferendo
646 390 817 472 imprimis
842 400 982 453 secutus
999 406 1076 452 sum
1104 389 1331 453 novissimam
1359 388 1447 477 Aga-

165 499 361 562 memnonis
395 498 581 561 editionem
617 493 732 580 (1904)
765 513 783 559 a
817 492 989 560 Verrallio
1022 507 1173 559 curatam
1210 507 1244 560 et
1279 500 1445 580 optimam

164 606 239 685 ejus
265 604 592 687 interpunctionem,
616 619 683 686 qua
708 601 889 686 prologum
918 603 1087 681 distinxit,
1117 604 1197 685 quia
1228 620 1266 667 ea
1295 607 1447 689 cogitati·

164 729 270 777 onum
310 712 602 794 perspicuitatem,
641 709 811 790 ordinem,
850 727 1074 794 progressum
1117 706 1249 774 facilius
1285 716 1444 796 cognosci

165 836 269 902 posse
293 817 452 882 arbitror.
502 815 656 882 Adhibui
681 830 858 899 praeterea¹
875 814 1081 882 Weckleinii
1106 815 1292 881 editionem
1318 815 1445 904 (1885),

164 940 335 1008 quatenus
354 922 550 989 Mediceum
576 921 727 988 exhibet.
767 918 929 1002 Textum,
947 940 1049 1006 quem
1068 921 1122 987 hic
1140 922 1291 1005 praebui,
1309 939 1441 990 rectum

165 1050 243 1097 esse
268 1031 321 1096 his
346 1049 434 1114 quae
459 1043 653 1113 sequuntur
677 1031 809 1114 paginis
833 1029 1073 1095 demonstrare
1100 1028 1262 1094 conabor.

258 1137 295 1203 In
320 1155 426 1204 versu
444 1143 465 1202 2
483 1155 533 1220 Sq.
561 1161 674 1224 φρουρᾶς
705 1151 787 1214 ἐτείας
814 1161 908 1225 μῆκος,
934 1151 968 1225 ἣν
995 1153 1158 1223 κοιμώμενος
1181 1153 1283 1222 στέγαις
1306 1152 1439 1222 Ἀτρειδῶν

166 1258 283 1330 tatano
301 1261 376 1322 νοις
394 1259 469 1332 attat
496 1242 675 1310 Mediceus
700 1259 791 1309 recte
816 1244 957 1327 praebet
981 1267 1075 1332 μῆνις,
1100 1245 1192 1327 quod
1217 1262 1236 1308 a
1262 1232 1444 1310 Dindorlio

165 1348 354 1417 Stanleium
381 1349 537 1434 aliosque
562 1364 692 1431 secuto,
716 1353 796 1434 quia
812 1362 1014 1434 corruptum
1041 1364 1133 1415 esset
1150 1365 1187 1414 ut
1211 1349 1443 1416 inEum.170

167 1474 247 1544 μονον
273 1476 316 1523 ex
342 1471 429 1544 μυχόν,
449 1459 482 1522 in
509 1481 594 1545 μῆχος
619 1460 638 1522 1.
664 1476 692 1522 e.
718 1457 909 1522 remedium
936 1459 1050 1540 inepte
1083 1471 1234 1522 mutatur
1263 1471 1446 1541 propterea

164 1564 258 1648 quod
276 1564 340 1630 hoc
358 1564 433 1630 loco
450 1582 576 1629 sensus
603 1563 762 1648 postulat,
788 1577 825 1629 ut
848 1564 1024 1629 custodiae
1049 1566 1122 1648 ipsa
1147 1562 1201 1627 illa
1225 1564 1445 1645 diuturnitas,

165 1689 268 1755 quam
295 1684 360 1736 tam
386 1689 486 1756 aegre
513 1669 578 1737 lert
600 1652 792 1751 excubitor,
817 1672 940 1736 acriter
964 1670 1171 1751 illustretur;
1196 1672 1322 1735 mirum
1349 1671 1444 1736 illum

165 1780 398 1843 accusativum
426 1790 517 1844 recte
542 1775 722 1842 Wecklein
748 1775 828 1861 (Or.
855 1774 952 1861 1888)
969 1779 1215 1860 interpretatur
1232 1794 1343 1842 accus
1363 1791 1447 1843 tem-

165 1887 261 1968 poris
290 1899 326 1950 111
358 1882 421 1968 Ag.
456 1903 489 1948 V.
524 1888 608 1948 1140
639 1897 783 1970 ἀμφιθαλῆ
801 1905 892 1960 κακοῖς
916 1897 1005 1971 ἀηδὼν
1028 1898 1082 1964 βίον
1112 1898 1145 1948 et
1182 1883 1263 1948 Eur.
1301 1882 1367 1950 01⁸.
1403 1889 1445 1949 72

166 2008 281 2078 παρθένε
302 2008 400 2078 μικρὸν
419 2005 453 2079 aa,
474 2015 561 2078 μῆνις
580 2003 710 2076 Ἠλέκτρα
732 2006 833 2076 χρόνον.
864 1988 1037 2056 Sententia
1055 1993 1158 2074 igitur
1175 1989 1239 2056 loci
1257 2005 1325 2057 est:
1351 1991 1445 2058 Deos

166 2116 300 2182 precor,
335 2111 371 2163 ut
407 2116 462 2163 me
496 2097 643 2163 liberent
677 2096 730 2162 his
765 2097 952 2177 laboribus
985 2099 1051 2162 iam
1087 2115 1149 2180 per
1184 2098 1443 2165 diuturnitatem

164 2208 270 2270 totius
294 2208 385 2286 anni,
410 2224 480 2288 quo
504 2204 650 2270 excubo.
700 2203 779 2269 Non
805 2207 908 2289 igitur
932 2206 1165 2269 necessarium
1200 2219 1252 2271 est
1276 2225 1354 2271 cum
1382 2204 1473 2288 Peg

166 2315 272 2378 tersio
283 2312 435 2379 scribere
447 2335 560 2398 φρουρᾶς
570 2327 591 2377 τ’
603 2327 694 2392 statua
705 2329 771 2396 qua
781 2330 818 2376 re
833 2314 999 2396 cogimur,
1008 2329 1085 2376 cum
1096 2311 1158 2376 hac
1175 2315 1321 2397 scriptra
1332 2335 1446 2398 φρουρᾶς

165 2420 443 2504 conjungendum
473 2421 517 2483 sit
541 2437 619 2484 cum
644 2433 720 2486 tatas
742 2434 831 2496 πόνων,
852 2430 935 2504 μῆκος
966 2421 1185 2502 interpretari
1210 2422 1444 2485 accusativum

165 2520 340 2591 Graccum
377 2539 413 2591 ut
453 2524 537 2591 illud
571 2523 812 2608 Xenophontis
845 2541 872 2591 τι
893 2539 1012 2611 opaga
1033 2536 1114 2611 έιρος,
1151 2526 1183 2592 id
1216 2526 1310 2610 quod
1341 2529 1444 2590 nimis

164 2635 360 2719 pedestrem
388 2650 585 2697 sermonem
612 2635 710 2716 sapit,
735 2650 803 2697 non
830 2630 1077 2715 Aeschyleum.

216 2797 218 2804 ,
255 2740 364 2806 Etiam
392 2756 494 2825 έέέμις
520 2759 554 2805 ν.
579 2744 610 2822 3,
636 2739 729 2824 quod
754 2739 896 2804 exhibet
918 2738 1023 2820 Med,
1054 2753 1087 2805 et
1112 2740 1252 2806 dictioni
1278 2738 1445 2824 Aeschyli

163 2862 199 2913 et
234 2849 352 2912 sensui
389 2849 517 2930 optimc
553 2848 847 2912 accommodatum
886 2865 947 2911 nec
985 2865 1062 2911 cum
1104 2844 1368 2913 Schneidewino
1410 2849 1444 2912 in

166 2975 263 3042 στέγης
285 2953 487 3019 mutandum
513 2967 583 3035 est;
607 2972 683 3018 nam
709 2971 773 3037 pro
798 2969 824 3020 έν
844 2969 944 3039 στέγας
970 2968 1172 3036 usurpatum
1203 2968 1254 3018 est
1284 2967 1317 3019 et
1348 2953 1443 3018 illum

165 3061 319 3126 dativum
345 3061 410 3126 loci
435 3063 598 3148 continet,
622 3079 692 3144 quo
718 3058 915 3144 Aeschylus
941 3062 1127 3144 praecipuo
1152 3061 1301 3145 quodam
1327 3079 1445 3126 amore

167 3170 286 3249 utitur,
312 3167 420 3233 multo
446 3170 584 3251 saepius
614 3169 733 3250 utique
756 3185 858 3250 quam
885 3165 1074 3251 Sophocles
1099 3169 1154 3248 ita,
1179 3182 1215 3232 ut
1239 3185 1318 3232 eum
1343 3171 1443 3233 etiam

166 3293 230 3357 pro
261 3287 296 3346 έῑς
327 3274 486 3339 adhibeat
518 3277 605 3340 sicut
637 3273 795 3339 similiter
826 3289 850 3340 έν
877 3257 940 3358 pro
976 3288 1012 3351 έις
1038 3276 1176 3358 saepius
1207 3275 1298 3340 dicit.
1353 3270 1445 3340 Vide

165 3382 319 3446 dativum
346 3380 410 3445 1001
442 3394 676 3469 διόμαιςλώμαειν,
696 3394 757 3464 οἴκῳ
787 3380 821 3464 (1.
847 3371 934 3447 enin
960 3379 1118 3464 aedibus)
1144 3380 1207 3466 Ag.
1232 3387 1298 3446 718
1334 3396 1445 3468 ἔθρεψεν

165 3502 190 3554 δὲ
209 3502 313 3564 λέοντος
332 3499 376 3553 ἶνιν
396 3501 484 3573 δόμοις
504 3502 651 3573 ἀγάλακτον
666 3504 825 3576 οὔτωςὰνὴρ
843 3503 1003 3575 φιλόμαστον
1016 3504 1106 3566 (οὕτως
1118 3489 1346 3580 801111811611111
1362 3487 1441 3553 1111111

166 3594 305 3659 videtur
335 3612 413 3658 cum
445 3594 562 3659 codice
597 3592 816 3675 Farnesiano,
849 3593 996 3660 Medicei
1029 3605 1102 3672 οὗτος
1127 3595 1266 3679 paulum
1304 3609 1442 3676 mutato,

166 3719 235 3766 non
268 3719 345 3766 cum
377 3695 594 3766 Weckleinio
625 3717 729 3784 βοέας
761 3702 803 3767 de
832 3703 954 3768 eodem
980 3702 1139 3768 vocabuli
1173 3717 1253 3779 τινος
1291 3702 1366 3768 loco
1401 3698 1443 3766 cl.

167 3807 266 3873 Eum.
295 3810 379 3872 1046
402 3823 465 3884 Ζεὺς
485 3823 642 3885 οπανὸπτας
657 3792 721 3875 οὕτω
736 3823 823 3894 Μοῖρά
833 3845 859 3876 τε
881 3825 1043 3896 συγκατέβα),
1068 3807 1185 3894 Ag.27
1205 3825 1242 3886 ὡς
1260 3825 1340 3895 τάχος
1356 3823 1445 3894 δόμοις

166 3929 313 4000 ὀλολυγμὸν
334 3930 501 4004 εὐφημοῦντα
519 3927 580 4000 τῇδε
600 3928 716 3999 λαμπάδι
741 3931 925 4002 ἑπομθριόιζειν,
951 3915 1014 4001 Ag
1038 3921 1104 3981 852
1128 3933 1155 3982 τὸ
1180 3930 1224 4002 μὲν
1243 3937 1354 4001 γυναῖκα
1372 3938 1444 4001 πριο-

165 4057 207 4089 τον
228 4037 317 4108 ἄμενος
337 4037 396 4108 δίχα
415 4033 499 4110 ἧςθαι
518 4035 605 4106 δόμοις
618 4035 717 4109 ἔρημον
738 4035 867 4108 ἔκπαγλον
881 4038 966 4102 κακον,
998 4022 1060 4108 Ag.
1097 4026 1182 4088 1109
1229 4037 1304 4089 ποίαν
1346 4037 1444 4108 Ἐρινὺν

165 4143 241 4216 τήνδε
261 4144 376 4215 δώμασιν
394 4145 459 4215 κέλ-μ
482 4143 653 4215 ἐπορθιάζειν,
679 4126 742 4214 Ag.
771 4133 833 4194 139
868 4142 930 4215 οἴκῳ
962 4148 1013 4216 γὰρ
1045 4145 1185 4216 ἐπίφθονος
1215 4143 1342 4215 Ἄρτεμις
1379 4146 1445 4214 ἁγνὰ

166 4257 295 4302 πτανοῖσιν
314 4249 371 4302 nuni
392 4251 487 4322 πατρὸς
507 4248 591 4321 (οἴκῳ,
616 4236 709 4320 (111011
734 4233 835 4301 habet
859 4234 964 4317 Med„
991 4236 1213 4302 scribendum
1240 4237 1323 4300 1111111
1349 4238 1445 4301 Vide·

167 4356 233 4423 tur,
259 4360 327 4408 non
360 4361 437 4407 cum
464 4341 680 4408 Weckleinio
715 4341 780 4409 Or.
812 4341 1021 4428 Scaligerum
1055 4356 1172 4409 secuto
1202 4356 1290 4429 aba»,
1319 4361 1444 4408 sensus

167 4452 360 4534 igiturest:
386 4452 419 4514 in
446 4451 554 4533 patria
581 4464 734 4515 remanet
759 4449 867 4515 Diana
892 4464 983 4515 casta
1008 4453 1161 4516 irascens
1178 4449 1283 4532 Jovis
1301 4449 1444 4515 canibus

166 4557 262 4622 alatis
288 4560 308 4621 i.
333 4576 361 4621 e.
389 4555 523 4623 Atridls
548 4557 589 4621 ad
616 4555 741 4622 bellum
769 4556 943 4641 profectis
968 4559 1057 4622 sicut
1082 4573 1262 4623 remanent
1287 4560 1356 4622 irae
1373 4555 1446 4640 ple·
