3216 5040
266 533 419 624 sturia
453 532 492 621 in
526 531 725 646 Aeschyli
762 473 965 622 orestiao
1001 528 1164 644 aliquot
1199 528 1317 621 locos

416 673 644 787 exegetica
678 677 723 764 et
757 671 928 769 critica.
995 667 1101 758 Pars
1136 668 1160 756 l.

243 851 407 936 Aeschyli
423 849 585 918 Orestiae
595 849 724 934 aliquot
737 852 770 914 in
781 849 875 915 locos
884 851 1059 932 copiosius
1080 850 1434 932 inquisituro,quoni-

152 978 204 1024 am
221 960 281 1025 has
293 959 456 1044 plagulas,
469 977 546 1022 cum
562 971 656 1022 ortae
676 959 743 1021 sint
762 975 805 1021 ex
819 955 956 1021 scholae
968 955 1124 1039 publicae
1144 953 1280 1038 more,¹)
1300 974 1367 1019 non
1389 956 1429 1020 ad

152 1066 245 1132 solos
264 1083 407 1131 severae
425 1066 601 1130 doctrinae
621 1076 819 1143 sectatores,
837 1063 897 1127 sed
919 1064 1019 1127 etiam
1039 1063 1080 1127 ad
1098 1062 1287 1146 discipulos
1306 1064 1428 1146 partim

152 1176 326 1258 pertinere
335 1171 451 1252 velim,
461 1190 529 1235 non
542 1188 689 1254 prorsus
697 1169 845 1235 alienum
862 1169 945 1234 mihi
958 1170 1107 1248 videtur,
1118 1171 1320 1252 priusquam
1334 1169 1430 1248 adid,

151 1281 244 1363 quod
257 1279 340 1344 mihi
349 1280 527 1362 proposui,
541 1279 710 1358 accedam,
724 1278 766 1342 de
780 1290 880 1360 poeta
893 1279 969 1359 ipso
982 1278 1145 1340 universe
1160 1275 1324 1340 nonnulla
1334 1294 1431 1360 prae·

152 1385 225 1468 lari,
243 1405 309 1470 qua
324 1388 356 1450 in
372 1404 409 1450 re
423 1385 487 1450 hoc
501 1387 720 1469 potissimum
737 1402 914 1467 exponere
928 1385 1075 1466 cupiam,
1089 1401 1256 1467 quaenam
1273 1385 1340 1447 sint
1354 1381 1430 1446 illae

151 1496 298 1558 virtutes
314 1491 479 1575 Aeschyli
493 1494 664 1575 propriae,
676 1505 819 1575 propter
832 1509 917 1574 quas
931 1491 1056 1574 dignus
1066 1489 1149 1554 mihi
1163 1490 1302 1574 quidem
1315 1490 1434 1554 videa-

152 1615 217 1680 tur,
235 1603 268 1663 in
294 1617 397 1682 quem
423 1598 527 1680 hujus
537 1597 562 1682 2)
587 1616 727 1681 quoque
751 1600 869 1676 aetatis
887 1597 1057 1678 homines,
1076 1599 1278 1680 praesertim
1299 1615 1342 1661 ex
1360 1614 1430 1680 quo
1515 1631 1521 1644 ·

151 1701 649 1771 Wilamowitz-Moellendorff
669 1703 885 1769 subtiliorem
905 1701 1067 1770 Orestiae
1085 1705 1315 1787 cognitionem
1334 1721 1432 1786 prae-

150 1813 352 1878 clarissimis
389 1809 732 1894 interpretationibus
769 1814 842 1876 suis
879 1807 1136 1894 Germanicis³)
1168 1825 1200 1875 et
1242 1811 1433 1894 ingeniosis
1474 1799 1476 1810 '

150 1919 406 2004 prolegomenis
430 1920 532 1983 etiam
559 1917 839 2002 indoctioribus)
857 1921 986 2002 optime
1011 1921 1155 2002 aperuit,
1176 1937 1253 1983 cum
1273 1921 1428 2001 ipsorum

152 2027 294 2092 utilitate
327 2044 394 2090 non
428 2027 543 2089 minus
579 2043 682 2108 quam
711 2024 963 2090 oblectamento
994 2027 1132 2108 penitus
1167 2017 1367 2091 incumbant
1398 2039 1430 2090 et

150 2135 249 2214 cujus
274 2134 400 2213 studio,
425 2150 502 2197 cum
529 2134 573 2198 sit
598 2131 782 2216 singularis
807 2145 839 2196 et
865 2146 963 2214 poeta
988 2146 1021 2198 et
1046 2131 1161 2213 homo,
1186 2133 1368 2216 diligenter
1393 2128 1457 2198 se'

150 2241 287 2320 dedant,
311 2240 344 2304 id
370 2239 462 2323 quod
490 2251 525 2302 ut
549 2236 704 2321 prolecto
737 2256 805 2302 non
840 2238 952 2302 solum
985 2252 1128 2322 propter
1163 2239 1290 2304 multos
1320 2241 1430 2322 ipsius

149 2346 338 2412 verborum
379 2358 564 2410 contextus
604 2345 698 2409 locos
744 2358 939 2428 corruptos,
980 2345 1170 2429 ambiguos,
1210 2345 1391 2425 obscuros,
1404 2344 1429 2429 5)

150 2472 273 2518 verum
299 2455 400 2518 etiam
426 2466 568 2536 propter
599 2448 836 2516 difficultatem
865 2471 982 2517 earum
1019 2471 1104 2536 quas
1135 2467 1253 2519 tractat
1282 2456 1433 2536 quaesti,-

149 2578 267 2640 onum,
299 2577 386 2642 quae
418 2560 590 2642 imprimis
624 2560 665 2623 ad
698 2577 813 2623 mores
846 2558 1036 2640 hominum,
1071 2560 1111 2624 ad
1143 2560 1356 2644 religionem,
1388 2560 1428 2624 ad

150 2665 416 2750 philosophiam,
442 2666 483 2730 ad
513 2667 667 2731 instituta
692 2666 912 2749 reipublicae,
937 2667 978 2730 ad
1002 2668 1058 2748 jus
1079 2666 1266 2731 humanum
1294 2681 1327 2732 et
1343 2667 1432 2730 divi-

149 2791 232 2837 num
259 2786 423 2857 spectant,
450 2774 592 2837 minime
616 2788 708 2837 caret
733 2771 922 2853 laboribus,
948 2775 991 2838 ita
1011 2787 1129 2838 tamen
1157 2777 1185 2838 si
1206 2774 1307 2838 altius
1326 2791 1431 2856 pene-

150 2882 298 2945 traveris
321 2893 369 2952 ,et
401 2881 498 2962 quasi
532 2892 564 2944 te
595 2881 829 2944 insinuaveris
861 2882 894 2944 in
927 2882 1149 2964 cogitationes
1182 2883 1319 2945 intimas
1351 2897 1431 2962 pro-

149 2985 246 3052 fundi
272 2985 376 3067 hujus
405 2988 531 3069 ingenii
561 2999 593 3050 et
622 2986 782 3051 sublimis
811 2986 1064 3069 humiliumque
1104 3005 1219 3052 rerum
1254 2999 1430 3070 contemp-

149 3096 245 3173 toris,
270 3111 312 3157 eo
337 3092 478 3157 laetiore
503 3107 535 3156 et
560 3093 722 3158 uberiore
748 3091 861 3159 fructu
888 3096 1101 3178 rependitur.

239 3196 289 3264 Ac
314 3201 465 3283 primum
491 3200 630 3283 quidem
658 3200 744 3265 hanc
768 3201 813 3265 ob
839 3220 911 3266 rem
937 3191 1101 3286 peculiari
1127 3203 1272 3285 quadam
1300 3204 1428 3266 virtute

149 3303 348 3390 Aeschylus
372 3302 498 3371 florere
524 3306 606 3370 mihi
632 3308 781 3389 videtur,
807 3310 900 3391 quod
925 3322 1082 3393 poemata
1113 3310 1199 3390 ejus,
1228 3328 1306 3374 cum
1336 3311 1430 3373 simi-

149 3413 225 3477 liter
258 3427 359 3495 atque
390 3416 517 3477 summi
553 3429 674 3497 poetae
707 3417 869 3480 nostratis
901 3411 1052 3480 Goethei
1078 3434 1183 3500 opera
1208 3414 1427 3481 multifariam

148 3521 247 3603 quasi
281 3538 325 3584 ex
357 3522 431 3603 ipsa
467 3523 536 3585 vita
568 3523 717 3586 auctoris
753 3518 929 3603 fluxerint,
965 3525 1064 3604 cujus
1094 3523 1235 3588 consilia
1265 3538 1297 3589 et
1334 3522 1429 3602 facta,

149 3641 317 3707 naturam,
351 3627 502 3692 indolem
535 3631 611 3712 puri
642 3630 773 3711 speculi
804 3631 911 3693 instar
942 3632 1154 3713 exprimunt,
1187 3630 1269 3694 nihil
1303 3630 1430 3694 habent

149 3732 251 3799 fucati
277 3748 333 3798 aut
365 3736 583 3799 extrinsecus
615 3733 752 3818 allati‚⁶)
784 3736 844 3800 sed
878 3754 1007 3801 meram
1040 3738 1212 3821 quandam
1247 3739 1427 3803 veritatem

148 3853 248 3922 atque
283 3842 513 3905 sinceritatem
548 3843 592 3905 ita
616 3859 698 3924 prae
722 3860 759 3906 se
791 3840 912 3924 ferant,
945 3857 981 3908 ut
1012 3843 1119 3909 verba
1143 3845 1226 3933 ¹ejus
1256 3857 1427 3928 tamquam

148 3943 300 4010 facinora
326 3947 510 4011 videantur
534 3946 656 4031 esses)

240 4051 345 4116 Velut
370 4055 402 4116 in
430 4051 553 4133 fabula,
579 4071 666 4136 quae
691 4054 892 4120 inscribitur
910 4054 1049 4136 Persae,
1073 4057 1196 4141 ingens
1214 4057 1297 4122 illud
1319 4053 1430 4122 Grae:

145 4176 267 4223 corum
293 4158 514 4224 humanitatis
540 4177 616 4223 cum
644 4158 870 4226 barbarorum
897 4160 1023 4228 ferocia
1047 4177 1220 4228 certamen
1233 4162 1259 4247 8)
1284 4164 1328 4228 ob
1354 4182 1427 4228 eam

148 4283 220 4330 rem
248 4279 314 4331 tam
341 4284 425 4330 vere
450 4269 796 4350 tamqueperspicue
820 4268 967 4335 illustrat
996 4283 1106 4352 poeta,
1137 4285 1173 4334 ut
1202 4273 1300 4354 quasi
1332 4287 1430 4353 prae-

147 4387 228 4436 sens
253 4372 362 4437 oculis
387 4374 516 4437 nostris
542 4372 663 4455 subjici
681 4374 851 4456 videatur,
876 4377 968 4459 quod
995 4379 1068 4459 ipse
1093 4376 1160 4440 illis
1183 4379 1307 4460 pugnis
1325 4379 1430 4441 inter-

147 4475 258 4544 fuerat
282 4492 384 4561 atque
409 4497 486 4544 cum
513 4482 566 4545 sui
591 4482 701 4564 ipsius
719 4482 839 4564 capitis
855 4482 1056 4547 discrimine
1079 4484 1169 4566 apud
1187 4482 1427 4549 Marathonem

146 4603 224 4649 cum
252 4583 400 4651 barbaro
425 4587 574 4670 quodam
601 4589 678 4652 viro
701 4588 847 4653 luctatus
872 4585 991 4672 erat.⁹)
1033 4587 1070 4652 ln
1088 4586 1240 4674 ,Septem
1258 4591 1432 4655 adversus
