3216 5040
585 309 587 314 ,
684 228 843 282 -υι-

83 452 87 458 ,
124 395 228 468 ποιηταί
262 391 451 444 ἐπεκδιδάσκειν
479 389 550 443 αὐτό.
588 390 711 463 Ὅμηρος
748 373 790 459 (Ε
820 374 899 459 586)
933 384 1075 462 ,κύμβαχος
1095 390 1121 444 ἔν
1140 392 1255 464 κονίιρσιν
1274 391 1404 465 ἐπίβρεγ-

123 502 279 577 μοναεααι
299 497 404 570 ὤμους.
467 481 653 548 Vetustum
687 484 791 567 igitur
828 482 911 548 illud
948 483 1156 550 vocabulum
1193 499 1271 570 ληνας
1300 482 1404 571 (lana)
1500 521 1503 526 ·

122 608 224 681 poeta
250 595 324 677 ipse
349 594 613 676 interpretatur,
631 605 724 678 ,ἀργὴς
751 604 869 675 pallae.
909 587 1026 673 Quam
1049 589 1093 655 ob
1112 608 1184 656 rem
1204 610 1272 657 non
1291 595 1403 658 statim

122 700 316 788 putandum
342 711 395 764 est
419 697 526 763 verba
551 695 607 760 illa
632 695 880 780 periphrastica
904 697 946 761 ab
972 691 1218 781 interpolatore
1235 700 1406 766 insinuata

122 828 215 876 esse.
262 803 428 872 Similiter
451 807 552 869 etiam
578 816 698 870 nostro
723 803 798 869 loco
822 818 921 887 poeta
946 807 1020 888 ipse
1045 803 1212 872 vocabula
1230 806 1407 889 metapho-

127 919 195 982 rica
230 927 263 980 et
296 911 513 977 subobscura
548 925 684 998 λαμπροὺς
709 925 832 988 υανάααας
867 909 1027 995 (lucidos
1063 913 1173 996 reges‘
1211 910 1406 994 Hermann)

126 1027 372 1105 interpretatur
412 1017 707 1102 subsequentibus
755 1017 874 1083 verbis
914 1033 1085 1104 εμαρεααναας
1119 1032 1206 1105 αῑυὲρν
1243 1032 1340 1106 ἀνέρας
1374 1032 1407 1086 et

126 1147 233 1195 VCI‘SU
257 1132 279 1191 8
302 1140 438 1212 λαμπάδος
460 1140 486 1192 τό
507 1139 637 1210 σύμβολον
666 1123 814 1208 explieat
837 1123 984 1190 vocibus
1009 1139 1092 1214 αόγὴν
1122 1143 1201 1212 πυρός
1227 1143 1355 1214 φέρουσαν
1379 1141 1408 1192 ἐκ

123 1251 226 1323 Τραίας
246 1249 326 1320 φάτιν.
364 1231 473 1298 Etiam
507 1230 599 1315 sept.
628 1236 689 1296 371
721 1250 817 1300 τοιαῦτ’
837 1248 918 1299 ἀυτῶν
947 1254 1014 1319 τρεῖς
1041 1248 1198 1310 κατασκίους
1219 1248 1318 1320 λόφους
1337 1248 1407 1312 σείει,

122 1359 235 1432 κράνους
258 1356 366 1427 χαίτωμ’
398 1339 567 1406 VOCssbUla
594 1353 750 1416 κατασκίους
769 1353 864 1426 λόφους
898 1358 916 1404 a
948 1352 1047 1423 poeta
1083 1342 1159 1423 ipSO
1190 1339 1408 1424 explicantur

122 1441 247 1517 'verbis
282 1461 532 1534 ,κρόνουςχαίτωμ“.
573 1445 756 1511 Praeterea
787 1443 880 1529 sept.
912 1451 972 1511 521
1009 1461 1104 1533 στείχει
1133 1461 1155 1513 δ’
1182 1459 1270 1524 ἴουλος
1290 1461 1346 1533 ἄρτι
1365 1461 1408 1513 διὰ

130 1571 271 1645 παρηίδων,
291 1570 361 1641 ιῖνρας
381 1570 508 1642 φυούσης,
528 1570 624 1640 ταρφὺς
638 1567 800 1620 ἀντέλλουσα
816 1563 878 1640 θρίξ
908 1573 980 1619 Vox
1010 1567 1098 1630 ’ίουλος
1127 1553 1319 1637 explicatus
1347 1571 1409 1618 VO-

125 1663 258 1730 cabulis
283 1679 379 1749 ααραυς
400 1676 560 1728 avetinum
578 1675 647 1747 υρας.
684 1658 842 1726 Omnino
870 1658 1084 1744 Aeschylum
1117 1660 1234 1745 legens
1264 1662 1408 1725 miratus

126 1790 218 1851 sum,
243 1787 345 1854 quam
372 1768 519 1833 libenter
544 1780 643 1851 poeta
667 1769 765 1851 quasi
790 1768 930 1832 erudire
961 1781 995 1833 ct
1023 1769 1149 1833 docere
1181 1767 1317 1833 studeat
1347 1784 1408 1832 eos

126 1881 187 1963 qui
212 1878 368 1956 audiunt,
393 1876 427 1940 id
451 1875 545 1959 quod
570 1893 638 1940 non
664 1874 776 1941 solum
802 1873 921 1940 attinet
945 1875 986 1940 ad
1012 1892 1128 1940 mores
1153 1891 1273 1938 eorum
1292 1891 1409 1938 emen-

126 1985 274 2064 dandos,
312 1981 406 2066 quod
437 1984 502 2046 iam
531 1998 635 2065 supra
660 1981 820 2062 indicavi,
844 1981 905 2047 sed
938 1981 1105 2047 etiamad
1138 1979 1408 2064 intelligentiam,

130 2104 292 2171 mentem,
326 2091 503 2155 scientiam
538 2107 659 2154 eorum
694 2089 896 2172 augendam,
926 2107 1014 2172 quae
1045 2107 1101 2153 res
1134 2089 1284 2152 maxime
1314 2087 1408 2151 cerni

131 2197 214 2263 mihi
250 2198 389 2272 videtur
429 2199 463 2261 in
503 2197 688 2279 praecipuo
724 2196 873 2279 quodam
914 2193 1080 2279 Aeschyli
1120 2194 1408 2279 etymologiarum

128 2323 257 2372 amore.
305 2300 411 2369 Velut
436 2315 535 2385 poeta
565 2301 716 2385 exempli
747 2304 852 2387 gratia
885 2301 983 2397 Eum.
1013 2309 1036 2369 8
1066 2301 1273 2368 vocabulum
1309 2317 1410 2385 Φαῑβας

126 2415 265 2480 derivat
296 2431 313 2476 a
345 2426 454 2498 Φοίβης
475 2424 578 2486 Τιτανὶς
598 2423 670 2498 ἄλλη
697 2431 757 2487 ταῖς
775 2426 871 2496 χθονός
889 2426 1017 2486 καθέζετο
1037 2425 1136 2498 Φοίβη,
1157 2423 1245 2476 δίδωσι
1264 2423 1286 2476 δ’
1306 2423 1325 2498 ἣ
1345 2423 1411 2494 γενέ·
1456 2457 1458 2460 -

128 2535 203 2588 θλιον
228 2535 298 2586 δόσιν
317 2533 420 2602 Φοίβου,
440 2533 467 2584 τό
487 2528 595 2605 ΙΦοίβης
613 2531 634 2582 δ’
655 2531 725 2603 όνομ’
745 2531 799 2601 ’ἔχει
822 2533 990 2603 παρώνυμον,
1010 2516 1094 2602 ([1οΠ
1110 2530 1201 2582 lecte
1210 2515 1301 2582 Well
1314 2535 1412 2581 eum·

129 2645 199 2708 que
224 2639 364 2689 secutus
389 2623 570 2691 Wecklein
595 2623 709 2706 (1888)
734 2641 761 2691 αυ
781 2641 874 2712 «anag
893 2638 914 2690 δ’
935 2639 1007 2710 Ιὄνομ’
1026 2636 1077 2709 ἔχει
1102 2627 1136 2688 in
1168 2637 1300 2690 textum
1326 2624 1411 2688 reci·

130 2749 216 2816 pere
250 2728 333 2794 mihi
372 2730 544 2809 videntur,
585 2749 662 2795 nam
700 2733 903 2796 concinnius
937 2744 989 2796 est
1024 2732 1156 2796 dicere:
1192 2729 1357 2797 Phoebus
1392 2747 1410 2794 a
1475 2799 1477 2807 ,

133 2835 275 2904 Phoeba
299 2837 540 2904 denominatus
565 2850 618 2902 est
641 2855 743 2922 quam
769 2837 811 2903 ab
835 2840 922 2918 avia,
946 2840 1080 2904 etiamsi
1110 2840 1274 2922 respicias
1300 2835 1412 2902 Phoe·

131 2945 195 3011 bae
219 2943 441 3010 antecedente
466 2963 572 3011 versu
597 2946 662 3009 iam
693 2947 903 3010 mentionem
936 2942 1056 3010 factam
1087 2944 1191 3029 esse),
1221 2941 1314 3031 Sept.
1346 2947 1410 3007 523
1498 2925 1503 2933 ’

129 3057 187 3111 ii*
211 3057 291 3129 ὠμόν,
315 3055 368 3110 οότι
395 3059 532 3130 παρθένων
559 3058 698 3128 ἐπώνυμον,
728 3058 860 3130 φρόνημα,
888 3059 982 3129 γοργόν
1002 3057 1023 3108 δ’
1044 3057 1107 3128 ὄμμ’
1136 3056 1212 3128 ἔχων,
1243 3056 1411 3128 προσίσταται

133 3159 384 3243 Parthenopaei
409 3149 535 3224 nomen
560 3159 740 3223 derivatur
763 3177 780 3222 a
805 3176 891 3224 voce
915 3175 1055 3245 ααρυενας,
1084 3158 1201 3224 Prom.
1226 3161 1292 3223 759
1324 3155 1412 3223 Bos·

133 3285 256 3351 porum
281 3267 417 3332 derivat
441 3266 482 3331 ab
508 3267 630 3331 itinere
655 3263 748 3331 lonis
780 3267 813 3330 in
844 3265 970 3331 bovem
1001 3279 1149 3331 mutatae
1186 3264 1270 3349 (εαααν
1295 3279 1320 3331 οε
1340 3282 1411 3352 aaa·

132 3395 185 3450 τοῖς
204 3387 240 3450 εἷς
259 3389 300 3440 ἀεί
319 3387 398 3458 λόγος
418 3389 501 3458 μέγας
520 3397 568 3460 τῆς
587 3397 633 3459 σῆς
661 3387 775 3458 πορείας,
800 3388 935 3460 Βόσπορος
961 3388 983 3439 δ’
1006 3388 1138 3458 ἐπώνυμος
1163 3368 1345 3462 κεκλήσεται),
1377 3374 1410 3436 in

133 3478 325 3565 fragmento
349 3484 371 3544 6
395 3478 491 3563 (vide
509 3478 702 3561 Wecklein,
720 3477 886 3564 Aeschyli
912 3478 1101 3565 fragmenta
1119 3499 1147 3544 a.
1169 3484 1252 3545 1893
1270 3498 1302 3564 p.
1320 3477 1411 3562 481),

129 3588 217 3653 deOS
243 3586 378 3651 Palicos
407 3586 542 3651 dellVat
566 3605 583 3650 a
612 3601 687 3653 πάλιν
706 3600 811 3653 ἱκέσθαι
828 3602 858 3675 (ἢ
878 3603 922 3654 καὶ
943 3601 1064 3654 Ηαλικιῑιν
1086 3602 1202 3672 εὐλόγως
1222 3607 1291 3672 μενεῖ
1322 3601 1411 3671 φάτις;

133 3709 208 3762 πάλιν
226 3709 276 3780 γὰρ
295 3709 388 3781 ilino&
409 3709 436 3760 ὲκ
457 3708 549 3760 σκότου
568 3708 620 3761 τόδ’
634 3707 670 3771 εἰς
689 3710 770 3777 φόος;
799 3692 841 3760 Of.
873 3697 974 3761 etlam
1004 3694 1159 3760 Mael‘Ob.
1192 3691 1259 3758 sat.
1294 3690 1325 3757 V
1361 3696 1412 3772 19,

136 3805 174 3866 17
200 3800 305 3865 Palici
331 3815 381 3866 υαυ
406 3823 451 3867 ναν-ν
475 3815 552 3867 talo
571 3814 694 3878 ιαεαυανι.
745 3798 852 3884 Quod
878 3804 980 3886 igitur
1004 3799 1201 3885 Aeschylus
1227 3813 1317 3866 totos
1333 3817 1421 3864 ver-¹

132 3925 194 3972 sus
218 3910 292 3990 ipse
318 3907 546 3990 sequentibus
570 3926 632 3992 per
656 3907 874 3991 periphrasin
904 3911 998 3973 omni
1031 3907 1307 3992 interpolationis
1336 3924 1413 3970 sus-

132 4015 268 4096 picione
293 4011 426 4080 sublata
451 4014 599 4098 explicat
623 4015 745 4080 eodem
768 4016 882 4096 modo,
907 4033 976 4098 quo
994 4016 1094 4080 etiam
1114 4016 1253 4080 nomina
1272 4015 1412 4098 propria

133 4118 353 4204 etymologiis
378 4134 411 4187 et
437 4121 727 4206 mythologiarum
754 4122 1010 4188 narrationibus
1042 4123 1261 4205 interpretari
1286 4120 1412 4201 studet,

134 4243 202 4289 non
229 4229 336 4311 magis
361 4229 556 4293 mirandum
582 4241 635 4293 est
658 4246 760 4312 quam
786 4229 880 4312 quod
905 4228 1118 4293 creberrimo
1136 4227 1288 4312 singulas
1307 4245 1412 4292 voces

134 4335 344 4416 synonymis
369 4335 494 4401 additis
519 4350 621 4418 atque
645 4337 746 4401 etiam
771 4335 954 4400 cumulatis
979 4335 1137 4417 illustrat,
1170 4354 1237 4419 qua
1261 4335 1411 4400 duorum
1438 4355 1448 4374 =

134 4440 189 4504 vel
214 4439 366 4523 plurium
388 4443 638 4508 vocabulorum
657 4442 747 4507 idem
766 4440 1030 4527 significantium
1049 4442 1291 4522 cumulatione,
1309 4459 1411 4526 quam

133 4546 234 4612 valde
259 4561 349 4614 amat
374 4546 583 4633 Aeschylus
607 4551 686 4614 item
706 4567 774 4614 non
800 4548 890 4615 illico
907 4551 950 4616 de
967 4550 1173 4635 glossemate
1194 4548 1412 4633 cogitandum
