3216 5040
723 207 884 260 ..29-

164 359 208 422 sit
230 352 377 420 alterurn
409 372 648 437 synonymum
679 352 824 418 alicuius
853 356 1064 438 grammatici
1098 335 1442 440 interpretamentum

163 463 304 528 alterius
328 479 417 526 esse.
466 457 582 543 Quam
608 460 653 525 ob
679 479 752 526 rem
778 474 870 526 recte
895 459 986 526 Weil
1010 460 1052 526 ad
1078 458 1141 547 Ag.
1167 466 1227 527 421
1262 481 1294 546 p.
1323 467 1367 528 38
1397 463 1446 529 lo·

162 571 282 654 quitur
305 568 349 634 de
372 565 552 651 ‚Aeschyli
577 568 828 633 consuetudine
853 566 952 633 binas
977 586 1082 633 voces
1117 587 1334 653 synonymas
1365 589 1446 637 con·

161 677 307 760 iungere
330 675 488 739 amantis‘
512 675 608 739 velut
633 671 696 759 Ag.
721 677 787 739 969
811 689 961 761 μαντιπολεῖ
989 689 1011 739 b’
1040 689 1191 748 οτοοοοτοτ
1219 690 1331 762 ἄμοοοος
1360 693 1444 758 ἀοιδά,

165 779 258 865 sepi·
282 784 348 846 900
372 773 518 866 προπίμπεν.
537 794 646 868 δαϊκτὴρ
665 796 728 864 γόος
748 793 908 860 αὐτὸοτονος,
930 795 1098 869 αὐτοπήμων,
1128 781 1226 848 Eum.
1262 786 1325 849 170
1362 802 1444 880 μυχὸν

165 903 272 974 ἔχρανας
300 901 460 966 αὐτόσσυτος,
480 900 650 975 αὐτόκλητος,
677 885 775 951 Eum.
815 891 877 952 160
912 902 1018 975 πάρεστ’.
1048 903 1215 976 μαστίκτορος
1242 903 1317 957 δαΐου
1351 905 1445 975 δαμίου

164 1010 228 1078 βαρὺ
247 1011 275 1070 τὸ,
296 1008 423 1080 περίβαρυ
441 1008 518 1080 κρύος
541 1004 617 1079 ἔχειν,
642 992 741 1058 Eum.
766 997 831 1058 342
856 1009 895 1060 ἐπὶ
915 1007 941 1061 δὲ
961 1017 996 1080 τῷ
1016 1011 1149 1080 τεθυμένῳ
1175 1009 1232 1062 τόδε
1257 1010 1334 1081 μέλος
1357 1032 1443 1082 ταρα-

161 1100 238 1162 κοποί,
258 1099 409 1168 ποραροροί,

253 1204 311 1272 Sat
335 1206 453 1273 multis
478 1209 544 1272 iam
570 1206 740 1291 exemplis
765 1206 1013 1290 comprobasse
1043 1207 1127 1273 mihi
1152 1208 1275 1273 videor
1299 1226 1442 1275 versum

163 1313 228 1399 Ag.
253 1318 273 1378 7
301 1315 402 1378 etiam
437 1315 465 1378 si
496 1326 668 1397 repeteret
700 1327 843 1395 tantum,
875 1314 908 1378 id
942 1314 1036 1398 quod
1061 1313 1242 1380 Wecklein
1272 1318 1443 1400 opinatur,

164 1440 227 1506 per
251 1419 469 1505 periphrasin
496 1438 638 1485 versum
659 1421 930 1502 antecedentem,
956 1439 999 1487 ne
1024 1434 1094 1486 tum
1121 1423 1261 1505 quidem
1279 1425 1447 1508 'spurium

165 1525 318 1594 futurum
345 1545 433 1608 esse,
459 1543 535 1591 cum
564 1545 667 1611 saepe
698 1542 797 1610 poeta
829 1529 1001 1609 ejusmodi
1034 1529 1256 1612 repetitiones
1288 1543 1443 1612 usurpet.

162 1632 276 1700 Venio
302 1618 394 1698 nunc
417 1633 459 1697 ad
484 1632 625 1699 alteram
650 1652 799 1715 causam,
824 1652 891 1718 qua
922 1648 1117 1700 commotus
1142 1633 1322 1700 Wecklein
1353 1634 1444 1701 hunc

160 1760 305 1807 versum
327 1738 505 1824 Aeschylo
522 1740 702 1822 abjudicat.
740 1740 832 1806 Dicit
849 1743 940 1806 enim
960 1740 1044 1806 illud
1060 1764 1109 1808 τοο
1130 1742 1441 1808 demonstrativum
1460 1765 1463 1769 ·

160 1866 230 1913 non
256 1846 395 1927 habere,
420 1865 490 1930 quo
514 1861 591 1930 apte
616 1845 786 1913 referatur
811 1861 844 1912 et
868 1850 901 1912 in
921 1845 989 1912 fine
1005 1864 1131 1913 versus
1149 1846 1348 1932 languidum
1366 1867 1444 1915 esse
1534 1879 1537 1886 ·

163 1953 263 2040 (,Das
296 1955 570 2021 demonstrative
604 1982 651 2020 τοο
688 1957 731 2020 ist
766 1954 857 2020 ohne
894 1953 1010 2020 rechte
1047 1952 1247 2039 Beziehung
1283 1955 1353 2020 und
1389 1973 1442 2020 am

166 2058 330 2126 Schlusse
359 2061 421 2127 des
451 2058 567 2127 Satzes
600 2060 849 2146 schleppend‘).
905 2058 972 2126 Sed
1005 2060 1088 2126 illud
1112 2085 1160 2127 τοο
1193 2044 1290 2126 facile
1320 2060 1443 2127 referri

164 2186 268 2252 posse
300 2166 452 2232 arbitror
479 2167 520 2231 ad
550 2183 725 2254 εμτμοτοοτος
745 2180 833 2254 athap
853 2183 962 2254 οοτέμος
992 2170 1046 2248 ita,
1077 2183 1113 2233 ut
1142 2186 1267 2232 sensus
1299 2171 1342 2233 sit
1371 2168 1443 2233 hic:

163 2277 246 2340 novi
270 2275 406 2339 illarum
433 2273 610 2339 stellarum
637 2276 788 2339 maxime
812 2276 1079 2357 conspicuarum
1103 2292 1262 2340 occasum
1286 2289 1357 2354 (οτοο
1378 2289 1459 2360 φοί--

159 2398 242 2465 οοοο)
268 2396 300 2447 et
324 2395 439 2446 ortum
465 2399 583 2446 earum
610 2365 846 2466 similiumque
871 2396 946 2462 (τοο).
991 2377 1098 2463 Quod
1123 2393 1236 2445 autern
1261 2379 1440 2445 Wecklein

160 2488 243 2554 dicit
267 2488 351 2553 illud
376 2511 425 2555 τοτο
450 2489 482 2552 in
510 2505 616 2552 versu
641 2501 791 2554 exeunte
816 2487 1014 2571 languidum
1041 2505 1118 2553 esse
1152 2487 1311 2553 similiter
1341 2501 1445 2580 atque

163 2591 404 2660 Schneidewin
438 2593 525 2676 (,das
556 2595 830 2659 demonstrative
860 2617 909 2660 τοο
939 2611 992 2658 am
1028 2592 1123 2658 Ende
1154 2594 1216 2658 des
1251 2590 1368 2658 Satzes
1400 2595 1443 2658 ist

164 2698 382 2784 unhaltbar‘),
394 2703 513 2781 miror,
523 2701 618 2784 quod
628 2699 820 2780 Wecklein,
834 2703 893 2784 qui
906 2703 1118 2784 ipseoptime
1130 2703 1163 2765 in
1173 2701 1297 2766 studiis
1312 2697 1444 2765 Aesch-

164 2805 388 2891 yleis(1872),
402 2826 434 2892 p.
448 2812 508 2872 165
522 2808 562 2872 ad
574 2806 673 2871 Eum.
688 2811 749 2872 137
759 2807 1012 2873 demonstravit
1024 2804 1238 2891 Aeschylum
1251 2807 1359 2872 multo
1370 2824 1444 2871 sae-

161 2915 242 2997 pius
266 2932 367 2999 quam
400 2928 533 2980 ceteros
565 2913 817 2999 tragoediarum
848 2916 1036 2998 scriptores
1062 2912 1208 2979 Homeri
1239 2927 1272 2978 et
1300 2916 1443 2978 omnino

160 3023 338 3104 epicorum
365 3034 544 3104 poetarum
571 3039 668 3086 more
693 3020 836 3087 articulo
861 3039 925 3105 pro
942 3021 1217 3087 demonstrativo
1238 3023 1297 3101 uti,
1323 3034 1443 3085 nostro

160 3127 236 3194 loco
265 3128 349 3193 illud
382 3150 431 3194 τοο
465 3129 676 3193 reiciendum
711 3141 816 3210 putat.
853 3127 981 3193 Eodem
1017 3126 1121 3192 modo
1150 3129 1184 3191 in
1217 3125 1284 3192 line
1316 3144 1442 3192 versus

163 3238 334 3319 reperitur
358 3261 392 3323 τῳ
419 3238 452 3300 in
480 3234 578 3300 Eum.
607 3237 668 3300 137
694 3251 723 3302 ου
742 3249 764 3301 δ’
784 3231 847 3318 (sic
872 3248 964 3299 recte
996 3251 1070 3299 mea
1099 3235 1239 3317 quidem
1273 3236 1441 3299 sententia

134 3338 302 3426 Stanley
337 3362 400 3428 pro
432 3357 483 3410 οου
516 3339 678 3425 Medicei)
713 3355 859 3428 οῑμοτημοο
880 3359 968 3426 τοτομ
989 3354 1148 3426 τ’τοομῑοοοο
1166 3364 1201 3426 tp
1235 3338 1318 3425 (non
1351 3354 1443 3405 recte

161 3448 208 3514 ibi
235 3448 416 3515 Hermann
442 3450 462 3513 l.
488 3450 509 3515 l.
534 3468 566 3533 p.
591 3453 656 3514 587
679 3472 713 3534 ομ
737 3450 770 3513 in
795 3463 854 3533 τῷδ’
877 3461 985 3513 mutat
1008 3445 1162 3512 vocalem
1188 3450 1288 3513 etiam
1315 3449 1348 3512 in
1375 3443 1442 3511 line

159 3574 287 3622 versus
302 3556 454 3622 abiciens
469 3570 571 3640 atque
586 3554 671 3622 falso
686 3554 890 3621 condendit:
908 3566 944 3640 τομ
966 3555 1010 3620 de
1022 3552 1151 3620 Oreste
1163 3554 1373 3620 intellectum
1393 3557 1442 3618 sic

160 3664 194 3726 in
208 3661 275 3728 line
287 3681 412 3728 versus
426 3666 629 3747 praesertim
643 3675 810 3746 sequente
821 3661 887 3727 alio
898 3662 1016 3728 dativo
1037 3677 1110 3748 οτμομ
1126 3680 1271 3746 prorsus
1283 3662 1441 3744 putidum

159 3768 237 3851 est).
285 3768 386 3836 Adde
411 3770 505 3856 quod
529 3794 564 3856 ομ
592 3783 742 3836 exeunte
767 3787 874 3835 versu
907 3771 1008 3835 etiam
1041 3771 1218 3834 invenitur
1252 3766 1345 3852 Sept.
1376 3773 1442 3833 372

159 3889 200 3941 'aa’
220 3890 327 3948 οοτίοοτ
345 3891 372 3942 aa
391 3900 426 3963 τῳ
446 3893 492 3960 (τοο
513 3877 573 3958 m¹,
597 3878 690 3961 quod
716 3876 817 3942 valde
845 3875 927 3942 mihi
953 3877 1093 3942 videtur
1117 3874 1306 3959 probabile,
1331 3874 1443 3940 Medi-

158 4000 241 4047 ceus
265 3997 286 4050 υ
308 4000 369 4062 aaa)
387 4000 555 4073 χοκτήκοτοτ
573 4000 698 4060 raotola
715 3998 833 4061 τοοοοτς
853 3999 944 4070 popu.
987 3981 1104 4066 ltaque
1137 3983 1201 4048 hoc
1226 3982 1301 4048 loco
1325 4001 1443 4048 assen-

161 4090 228 4154 tior
254 4088 469 4173 Hermanno,
494 4110 570 4156 cum
597 4091 686 4156 dicat
709 4089 730 4155 l.
756 4091 776 4157 l.
802 4109 834 4174 p.
859 4093 942 4155 364:
967 4092 1001 4155 in
1025 4113 1073 4155 τοο
1098 4088 1176 4174 (Ag.
1202 4087 1237 4175 7)
1263 4108 1331 4155 non
1364 4107 1442 4154 esse

160 4196 253 4278 quod
278 4195 430 4264 offendat
464 4200 596 4263 monuit
629 4195 869 4262 Boissonadus
904 4194 1054 4262 afferens
1088 4194 1208 4281 Suppl.
1241 4200 1307 4262 362
1331 4215 1442 4283 τομτμομ

62 4377 66 4384 ,
161 4316 189 4369 οὐ
217 4317 297 4371 δεῖται
326 4320 406 4384 πόλις,
438 4303 557 4390 Suppl.
587 4310 653 4370 448
676 4319 695 4394 ἤ
716 4326 793 4372 τοῖσίν
813 4318 832 4392 ἦ
852 4325 905 4381 τοῖς
925 4317 1037 4390 πόλεμον
1056 4317 1176 4390 αἴρεσθαι
1195 4319 1275 4390 μέγαν
1301 4320 1363 4370 πᾱο’
1391 4318 1442 4370 ἔστ’

161 4426 274 4500 ἀνάγκη.
323 4409 415 4495 sept.
449 4416 511 4477 178
533 4426 571 4478 κεί
591 4429 630 4500 μή
650 4447 687 4489 τις
707 4427 793 4500 ἀρχῆς
811 4436 860 4499 τῆς
885 4427 955 4500 ἐμῆς
979 4426 1123 4490 ἀκούσεται,
1147 4427 1215 4499 ἀνὴρ
1234 4427 1298 4498 poll
1314 4446 1340 4478 ta
1359 4423 1400 4496 χῶ
1420 4445 1442 4478 τί

161 4540 209 4584 τοο
241 4533 399 4604 μοτοῑμμοο.
436 4517 513 4602 lpse
548 4538 690 4585 monere
723 4518 828 4584 velim
863 4497 965 4584 etiarn
1003 4515 1122 4603 fragm.
1156 4523 1199 4582 44
1231 4515 1441 4602 (Wecklein)
