3216 5040
202 370 351 439 Thebas‘
368 388 481 440 autem
508 373 587 438 belli
613 373 781 439 tumultus
799 387 871 465 tam¹
892 374 1066 458 praeclare
1083 374 1305 455 describitur,
1331 388 1367 440 ut
1384 379 1482 459 quasi

202 483 387 565 pristinum
425 481 567 547 militem
604 483 637 544 in
670 494 769 563 poeta
800 482 877 564 ipso
917 481 1104 546 subaudire
1145 482 1338 563 videamur,
1375 500 1483 565 quare

203 585 456 671 Aristophanes
490 587 575 652 Ran.
611 606 644 652 v.
684 591 768 652 1019
803 601 895 653 11111
931 587 1022 652 illam
1055 589 1263 672 tragoediam
1297 588 1482 672 appellavit

200 707 297 779 ,upupa
315 707 422 780 Ἄρεως
442 710 554 779 psalta
580 684 738 758 similiter
762 695 910 759 iucunda
935 694 990 759 illa
1013 692 1092 759 belli
1110 696 1200 777 apud
1219 692 1358 777 Trojam
1378 698 1482 762 modo

201 799 346 866 confecti
373 801 670 884 molestorumque
687 814 879 866 castrorum
899 814 1148 866 nocturnorum
1168 802 1361 882 illustrati0,
1379 821 1481 886 quam

202 907 343 972 exhibet
367 925 491 991 praeco
514 909 547 971 in
575 905 694 991 Agam.
741 925 775 971 ν.
804 911 870 972 508
900 926 975 992 sqq.
991 905 1040 992 10),
1073 909 1181 974 solius
1213 907 1275 974 luit
1306 911 1392 991 ejus,
1424 913 1482 994 qui

202 1027 369 1097 expertus
394 1012 610 1097 loquebatur.
650 1012 771 1078 Virilis
796 1033 881 1079 vcro
906 1017 1009 1079 animi
1034 1029 1067 1080 et
1092 1018 1281 1081 constantis
1306 1030 1339 1082 et
1364 1021 1481 1098 nucia,

201 1123 268 1203 qui·
287 1123 396 1186 inerat
420 1123 453 1186 in
479 1134 579 1205 poeta
605 1135 777 1204 tamquam
805 1135 840 1187 ut
865 1124 898 1208 in
917 1118 1098 1187 Titanibus
1123 1123 1201 1204 illis,
1228 1125 1353 1188 mirum
1373 1127 1484 1208 quod-

201 1229 505 1318 damcxemplum
531 1227 786 1310 ‚Prometheus‘
812 1227 925 1294 fabula
950 1230 1029 1295 edit.

292 1334 415 1418 Neque
441 1351 552 1401 tamen
580 1335 641 1401 hac
667 1354 732 1400 una
758 1355 802 1401 ex
835 1350 931 1420 parte
963 1350 999 1402 ut
1032 1339 1098 1402 viri
1130 1335 1392 1402 Lacedaemonii
1423 1356 1483 1402 ex-

202 1441 314 1507 cultus
338 1458 410 1507 erat
436 1441 601 1526 Aeschyli
619 1446 766 1522 animus,
784 1444 844 1508 sed
863 1443 1097 1526 multipliciter
1113 1441 1150 1528 ¹¹)
1173 1445 1338 1526 varieque
1365 1459 1482 1528 utpote

202 1546 353 1614 hominis
380 1547 615 1631 Atheniensis,
640 1568 728 1633 quae
759 1550 863 1615 altera
895 1553 1007 1615 virtus
1037 1564 1157 1635 poetae
1189 1565 1310 1615 nostro
1342 1555 1482 1635 propria

202 1654 286 1719 mihi
312 1657 451 1721 videtur
476 1675 563 1721 esse.
612 1656 771 1740 Namque
796 1675 873 1722 cum
900 1656 1044 1723 robusto
1069 1657 1127 1722 illo
1161 1671 1193 1722 et
1218 1656 1342 1723 acerbo
1367 1661 1482 1724 animo

201 1778 395 1845 asperoque
431 1765 497 1827 viri
535 1761 714 1829 fortissimi
747 1766 951 1847 praesertim
983 1766 1041 1848 qui
1072 1782 1140 1828 non
1176 1764 1288 1828 solum
1323 1766 1356 1829 in
1392 1765 1482 1830 bello

201 1886 278 1932 cum
305 1868 475 1949 hostibus,
505 1870 565 1934 sed
597 1871 697 1935 etiam
729 1873 763 1934 in
795 1870 949 1941 civilium
984 1873 1211 1936 certaminum
1244 1868 1482 1955 fluctuumque

183 1994 315 2055 arena,
352 1977 384 2040 id
417 1978 509 2059 quod
545 1978 670 2043 docent
699 1962 971 2061 Eumenides,¹¹)
992 1996 1081 2043 cum
1112 1980 1323 2044 adversariis
1355 1980 1397 2044 de
1429 1982 1481 2059 iis,

202 2100 289 2165 quae
314 2085 388 2167 ipse
413 2084 581 2150 sentiebat
598 2086 640 2149 de
658 2083 867 2168 reipublicae
892 2087 1069 2166 institutis,
1087 2088 1254 2151 acerrime
1271 2104 1481 2170 congressus

202 2203 234 2254 et
259 2191 391 2254 rixatus
416 2205 519 2271 esset,
544 2193 705 2256 eximiam
738 2209 816 2255 eum
848 2193 1072 2273 conjunxisse
1102 2192 1274 2258 lenitatem
1308 2207 1341 2258 et
1373 2193 1483 2257 molli-

203 2298 282 2360 tiam
312 2311 345 2363 et
369 2300 467 2382 quasi
492 2300 596 2362 animi
623 2300 836 2363 teneritatem
848 2297 887 2382 12)
917 2317 961 2363 ex
985 2299 1070 2382 ipsis
1095 2300 1170 2380 ejus
1196 2297 1322 2364 fabulis
1346 2318 1482 2364 earum-

202 2423 269 2488 que
294 2407 454 2489 personis
480 2419 631 2490 apparet.

292 2528 409 2594 Huius
435 2533 483 2595 rei
509 2530 564 2595 vel
590 2532 741 2594 maximo
765 2544 968 2613 argumento
993 2544 1045 2595 est
1063 2528 1265 2597 Cassandra
1290 2529 1345 2594 illa
1369 2530 1482 2596 horri-

202 2633 311 2720 bili¹³)
338 2635 617 2720 Clytaemestrae
649 2637 874 2720 magnitudini
903 2639 1061 2721 opposita
1092 2634 1229 2722 (Agam.
1265 2641 1348 2702 1056
1379 2636 1480 2722 sqq),

201 2746 300 2809 cuius
336 2747 481 2829 virginis
518 2759 584 2808 tam
616 2743 773 2808 amabilis
805 2744 1033 2827 eiusdemque
1067 2758 1134 2810 tam
1168 2737 1314 2809 miserae
1343 2742 1480 2811 fortuna

202 2868 270 2915 non
311 2870 500 2936 possumus
541 2870 609 2916 non
650 2854 800 2916 maxime
838 2849 1114 2934 commoveri14),
1156 2853 1360 2935 praesertim
1401 2870 1479 2917 cum

202 2956 320 3023 ultima
345 2961 419 3024 eius
437 2959 544 3024 verba
569 2960 610 3024 ad
633 2974 779 3025 mortem
799 2963 930 3025 ruentis
948 2960 1102 3044 legamus
1119 2956 1198 3043 (Ag.
1217 2978 1249 3023 v.
1271 2962 1355 3024 1326
1372 2955 1480 3043 sqq.):

200 3059 232 3112 ἰὼ
252 3063 356 3132 §portin
379 3064 515 3133 πράγματ’·
535 3062 687 3132 εὐτυχοῦντα
707 3068 752 3135 μὲν
767 3067 826 3118 σκιά
842 3085 878 3126 τις
898 3065 1094 3136 itemquae-¹⁵)
1115 3062 1137 3116 εἰ
1157 3063 1182 3116 δὲ
1207 3063 1370 3136 δυστυχῆ,““)
1391 3064 1481 3130 βολαῖς

201 3166 340 3238 ὑγρώσσων
360 3171 472 3240 σπόγγος
491 3168 588 3222 diseat
608 3172 765 3244 γραφήτιῑ)
795 3155 976 3221 Praeterea
1004 3155 1186 3221 Minervae
1218 3158 1251 3220 in
1283 3154 1482 3221 Eumenidi·

202 3259 267 3324 bus
292 3279 440 3344 persona
459 3260 631 3345 Apollinis
656 3263 830 3328 acerbitati
843 3261 881 3346 18)
907 3265 1064 3346 opposita
1082 3275 1207 3346 quanta
1231 3275 1283 3327 est
1299 3260 1479 3327 clementia

201 3380 234 3431 et
259 3371 483 3451 temperantia
498 3368 533 3452 ¹⁹)
559 3388 636 3434 cum
656 3371 831 3451 majestate
849 3370 995 3453 quadam
1014 3370 1204 3450 conjuncta.
1246 3364 1362 3450 Quam
1380 3369 1479 3434 deam

201 3491 278 3538 cum
306 3471 483 3555 Orestem,
508 3477 606 3556 cujus
632 3473 764 3541 lacinus
788 3479 916 3560 pariter
941 3477 1107 3557 injustum
1140 3489 1242 3558 atque
1265 3476 1395 3556 justum
1428 3488 1480 3540 est

201 3583 256 3661 ita,
282 3595 329 3662 ut,
355 3583 459 3666 impie
483 3581 572 3665 pius‘
597 3585 641 3649 sit
665 3582 866 3667 appellatus,
890 3583 1019 3648 calculo
1044 3601 1108 3647 suo
1134 3582 1334 3662 absolverit,
1359 3596 1392 3648 et
1416 3582 1478 3648 hac

202 3707 238 3753 re
264 3703 296 3754 et
322 3691 485 3753 universa
510 3691 614 3754 animi
639 3693 692 3754 sui
719 3691 936 3774 benignitate,
962 3692 990 3754 si
1015 3707 1206 3773 quaequam
1232 3689 1322 3772 apud
1341 3703 1478 3754 veteres

126 3783 128 3788 ’
201 3809 320 3878 poetas
356 3783 515 3880 persona,
552 3800 593 3863 ad
626 3797 846 3864 christianam
882 3797 973 3862 illam
1007 3799 1133 3882 gratiae
1145 3793 1186 3880 ²⁰)
1222 3797 1361 3861 divinae
1394 3800 1480 3863 noti-

201 3920 302 3967 onem
338 3906 403 3968 iam
439 3923 547 3990 prope
580 3906 743 3971 accedere
783 3904 873 3969 haud
913 3905 984 3969 scio
1023 3922 1064 3969 an
1106 3917 1197 3969 recte
1236 3904 1341 3968 dicas,
1390 3902 1481 3987 lphi-

201 4012 318 4093 geniae
342 4029 429 4076 vero
453 4015 587 4098 egregia
612 4012 667 4077 illa
692 4031 793 4077 scena
818 4011 1048 4076 immolandae
1082 4008 1161 4095 (Ag.
1186 4015 1251 4076 234
1277 4009 1379 4095 sqq),
1410 4014 1481 4076 vir-

200 4118 289 4201 ginis
322 4121 449 4184 eximia
477 4119 670 4200 dulcedine,
702 4120 879 4200 modestia,
911 4120 1036 4201 pietate
1068 4116 1276 4183 famulorum
1310 4136 1384 4182 eam
1417 4120 1480 4182 im-

202 4223 403 4291 molantium
436 4229 609 4309 asperitati
651 4240 684 4292 et
714 4222 957 4309 crudelitati²¹)
986 4227 1144 4309 opposita
1178 4239 1339 4308 quantam
1372 4228 1480 4308 spirat

200 4329 386 4413 lenitatem,
411 4334 636 4412 teneritatem,
662 4333 946 4412 misericordiam,
973 4345 1008 4397 ut
1026 4329 1227 4398 Cassandra
1244 4337 1386 4415 excepta
1404 4350 1479 4396 mea

200 4438 341 4520 quidem
366 4440 534 4505 sententia
560 4437 705 4504 fortasse
730 4438 823 4504 nulla
848 4440 952 4503 totius
983 4434 1148 4522 Aeschyli
1174 4456 1276 4503 scena
1301 4436 1478 4522 pulchrior

200 4546 245 4610 sit
268 4543 458 4628 eademque
482 4548 590 4631 magis
611 4548 745 4630 tragica.
755 4541 796 4629 ῃ)
838 4543 1004 4611 Similiter
1021 4546 1174 4628 trepidae
1192 4545 1269 4611 illae
1286 4547 1478 4630 anxiaeque
