3216 5040
1317 7 1399 15 .,.,,,,
1425 10 1484 21 -.---
1499 9 1592 93 Ι

1281 168 1287 177 ι

747 229 904 283 ..pg-

185 388 248 455 est,
272 374 314 440 ad
339 375 432 459 quod
461 374 682 440 statuendum
708 373 905 458 complures
929 376 1037 440 critici
1062 392 1164 458 saepe
1189 377 1292 439 nimis
1308 374 1469 442 celeriter

110 517 114 525 ·
185 483 336 566 prompti
362 495 469 547 erant.
521 479 616 546 Haec
646 480 782 546 dicendi
817 482 1010 565 proprietas
1043 500 1087 546 ex
1119 481 1265 565 simplici
1298 478 1355 547 illo
1387 483 1467 550 stilo

186 606 344 653 manasse
370 588 454 653 mihi
488 587 628 654 videtur
657 585 834 672 Aeschyli,
863 590 921 673 qui
954 605 1151 677 sermonem
1184 590 1348 673 tragicum
1384 608 1467 657 sane

185 695 227 759 ad
263 693 502 760 admirabilem
540 694 712 778 quendam
744 694 899 779 gradum,
932 694 993 760 sed
1029 694 1183 760 nondum
1214 694 1256 760 ad
1288 713 1465 762 summum

54 887 55 896 γ
185 802 408 885 perduxerat.
459 799 534 866 Hac
550 804 592 881 ‚in
618 819 656 866 re
687 800 755 866 stili
780 801 991 885 simplicitas,
1016 819 1103 886 quae
1127 803 1280 867 cernitur
1304 803 1406 869 etiam
1432 806 1466 869 in

45 909 79 996 jff'
186 903 405 974 Graecorum
433 908 490 973 illa
516 907 696 992 sculpendi
721 921 804 989 arte,
829 926 917 992 quae
933 921 1077 974 vocatur
1100 907 1253 988 archaea,
1278 923 1370 974 recte
1386 927 1465 976 cum

29 1003 40 1040 ⁷⁴
186 1012 353 1100 Aeschyli
384 1015 474 1096 stilo,
506 1017 565 1099 qui
597 1017 672 1099 ipse
703 1033 843 1099 quoque
874 1014 991 1081 multis
1021 1033 1065 1080 ex
1097 1014 1253 1098 partibus
1284 1031 1312 1082 σο
1343 1029 1465 1101 ἀρχαικὸν

185 1136 283 1205 ἐκεῖνος
310 1124 404 1204 quod
429 1140 537 1205 supra
561 1124 844 1203 commemoravi,
868 1121 1020 1203 exhibet,
1044 1124 1236 1206 comparari
1260 1139 1363 1206 posse
1379 1123 1460 1189 mihi

185 1230 335 1295 videtur.
383 1229 464 1295 Non
493 1244 585 1295 recte
610 1231 713 1314 igitur
737 1227 935 1313 complures
959 1230 1050 1295 docti
1075 1225 1245 1313 glossema
1274 1242 1461 1296 statuerunt

186 1334 337 1420 exempli
361 1354 463 1401 causa
489 1338 522 1400 in
550 1334 648 1400 Eum.
679 1339 723 1400 69
751 1357 838 1421 γρσῑσν
857 1350 966 1402 lolam
985 1351 1082 1415 σσῑοσς,
1113 1334 1171 1401 ubi
1201 1337 1307 1401 immo
1337 1338 1462 1419 optime

185 1445 290 1507 animi
316 1456 458 1531 naturae
486 1442 782 1508 accommodatum
808 1456 861 1508 est
885 1439 1082 1527 Apollinem
1111 1444 1240 1527 quippe
1271 1460 1407 1508 summa
1432 1442 1484 1508 in‘

187 1548 308 1615 Furias
343 1552 391 1615 ira
427 1552 608 1615 incensum
652 1562 685 1614 et
723 1548 965 1616 exacerbatum
1009 1549 1120 1634 pluria
1153 1551 1307 1614 convicia
1339 1551 1373 1614 in
1406 1568 1466 1615 eos

185 1674 391 1741 congerere3
416 1659 531 1740 itaque
560 1674 628 1721 non
660 1656 882 1722 scribendum
912 1670 965 1722 est
994 1675 1072 1722 cum
1105 1654 1321 1722 Weckleinio
1350 1654 1466 1742 (1888)

185 1762 330 1848 allisque
366 1779 467 1841 Νυκτὸς
490 1778 600 1830 παλαιαὶ
620 1778 708 1841 παῖδες
745 1777 802 1828 aut
830 1778 910 1841 Γαίας
933 1779 1043 1831 παλαιαὶΙ
1063 1778 1159 1842 παῖδες,
1197 1764 1231 1828 ld
1267 1764 1360 1846 quod
1392 1763 1468 1830 vult

186 1867 388 1936 Alexander
429 1869 553 1937 Mason
593 1870 737 1956 Rogers,
766 1870 1004 1936 emendations
1036 1873 1069 1936 in
1106 1868 1303 1954 Aeschylus
1333 1869 1417 1936 with
1449 1889 1467 1935 a

186 1974 252 2041 lew
277 1977 396 2043 others
421 1979 455 2042 in
484 1975 674 2062 Sophocles
698 1977 765 2043 and
790 1975 974 2061 Euripides
999 1979 1065 2043 and
1094 1995 1160 2042 one
1184 1979 1218 2043 in
1255 1977 1312 2043 the
1346 1977 1466 2063 gospel

185 2081 225 2149 ol
246 2080 293 2149 St.
319 2083 499 2166 Matthew,
529 2082 719 2148 Baltimore
746 2087 839 2148 1894.
887 2083 961 2149 Nec
986 2086 1093 2168 magis
1124 2085 1167 2149 de
1197 2083 1403 2169 glossemate
1432 2087 1466 2149 in

185 2189 312 2255 duobis
336 2191 517 2272 adjectivis
542 2191 633 2256 idem
659 2187 930 2275 significantibus
955 2191 1171 2275 cogitandum
1201 2205 1253 2274 est
1277 2209 1355 2256 cum
1381 2189 1468 2256 Din-

185 2295 297 2362 dOI'fiO
322 2299 355 2362 in
382 2295 483 2363 Eum.
507 2302 572 2362 353
601 2312 752 2368 παλλεύκων
770 2297 796 2364 δὲ
817 2311 918 2366 πέπλων
938 2311 1066 2385 ἄμμοιρος
1087 2297 1151 2380 (Sic
1180 2311 1271 2364 recte
1297 2294 1465 2382 ElmSley)

160 2485 162 2494 Ι
188 2417 306 2492 ἄκληρος
326 2419 452 2493 ἐτύχθην,
478 2405 571 2488 qUOd
597 2404 655 2470 ille
681 2407 715 2469 in
747 2418 855 2491 ἄμοιρος
879 2421 961 2491 μούνα
984 2419 1097 2492 ἐτύχθην
1130 2407 1254 2470 mutari
1286 2404 1360 2470 vult
1391 2406 1466 2470 sine

185 2511 275 2592 justa
299 2529 412 2592 causa,
439 2530 506 2595 qua
534 2513 631 2577 inre
663 2514 762 2576 etiam
798 2513 832 2577 id
862 2514 981 2592 miror,
1011 2509 1279 2595 quodlormam
1304 2510 1465 2594 Jonicam

187 2634 269 2705 μούνα
300 2618 346 2684 lbi
379 2621 519 2702 patitur,
551 2636 628 2683 culli
661 2621 694 2683 in
727 2616 846 2702 suppl.
878 2623 944 2684 692
967 2635 1064 2686 νούσων
1089 2633 1110 2685 δ’
1139 2636 1219 2705 ἑσμὸς
1245 2635 1288 2686 ἀπ’
1315 2632 1467 2694 bernalto

184 2742 278 2811 νρονοος
299 2740 414 2813 οσορσγς
453 2723 599 2791 formam
629 2741 725 2793 νοοσονν
746 2728 780 2792 in
804 2743 885 2793 νοοσν
916 2726 1114 2792 mutandam
1147 2740 1285 2791 censeat
1313 2723 1369 2809 (el.
1399 2726 1465 2792 len.

187 2828 314 2896 Aesch.
339 2851 366 2897 s.
393 2852 426 2898 ν.
452 2848 540 2909 νοσος;
562 2829 681 2915 ,Quod
707 2835 846 2898 unicum
876 2847 928 2899 est
950 2831 1239 2914 formaejonicae
1255 2832 1463 2917 exemplum,

187 2935 333 3005 fortasse
358 2959 376 3004 a
408 2939 549 3005 librario
581 2938 755 3023 illatum‘);
787 2958 899 3024 neque
928 2958 1029 3005 causa
1060 2953 1122 3020 est,
1152 2957 1314 3004 curcum
1341 2938 1462 3005 Weck-

186 3044 289 3111 leinio
314 3043 449 3130 (Studia
477 3044 672 3131 Aeschyleo
700 3043 797 3129 1872)
822 3065 948 3112 versus
979 3049 1012 3112 in
1041 3061 1157 3132 ονὲσρσος
1178 3060 1278 3132 ἄφορος
1304 3060 1463 3112 mutetur.

190 3149 367 3218 Immerito
392 3155 496 3238 igitur
514 3171 531 3217 a
556 3152 739 3219 Dindorfio
758 3152 984 3219 Hermannus
1007 3151 1224 3236 vituperatur
1244 3152 1383 3218 duobus
1400 3152 1467 3218 illis

185 3260 365 3332 adiectivis
401 3262 539 3325 tertium
575 3275 738 3346 (ογὲροσοος)
772 3261 914 3341 addens,
948 3260 981 3325 id
1011 3259 1103 3345 quod
1133 3278 1215 3325 sane
1249 3256 1464 3354 superfluum

186 3380 249 3446 est,
274 3366 334 3430 sed
361 3369 474 3449 ipsum
503 3385 566 3450 per
590 3385 627 3431 se
652 3366 693 3432 ab
719 3364 885 3451 Aeschyli
909 3367 1160 3433 consuetudine
1184 3368 1325 3431 minime
1342 3365 1467 3432 abhor-

186 3485 249 3538 ret.
298 3472 389 3538 Dicit
423 3475 516 3538 enim
555 3492 624 3539 non
661 3487 753 3539 recte
778 3471 933 3538 Dindorf
965 3474 1030 3538 lex.
1057 3470 1183 3538 Aesch.
1217 3492 1249 3556 p.
1278 3478 1339 3538 421
1376 3471 1467 3538 Her·

104 3583 107 3588 '
186 3597 350 3646 mannum
377 3598 458 3661 ,non
488 3583 628 3662 sentire,
653 3599 754 3665 quam
781 3583 881 3645 inane
905 3582 949 3646 sit
981 3583 1043 3647 tria
1072 3580 1239 3661 adjectiva
1268 3598 1466 3664 synonyma

186 3688 231 3752 ita
255 3687 434 3768 cumulari,
461 3701 498 3753 ut
523 3706 591 3753 non
618 3685 844 3771 Aeschylum,
878 3687 939 3752 sed
972 3686 1189 3772 Hesychium
1222 3688 1342 3753 audire
1370 3686 1467 3753 vide-

186 3811 296 3874 amur,
320 3797 379 3879 qui
405 3794 530 3878 glossis
555 3797 628 3859 suis
654 3811 755 3876 saepe
781 3797 843 3858 tria
860 3807 1067 3878 quattuorve
1084 3792 1251 3860 vocabula
1269 3812 1466 3878 synonyma

186 3900 353 3984 applicat‘.
402 3896 633 3983 Quantopere
657 3900 808 3984 exempli
833 3904 937 3984 gratia
955 3899 1153 3985 Aeschylus
1177 3899 1344 3966 vocabula
1361 3919 1468 3984 syno-

187 4025 292 4091 nyma
318 4007 373 4072 vel
399 4006 523 4071 similia
549 4005 772 4091 significantia
796 4007 947 4085 cumulat
971 4010 1005 4072 in
1031 4005 1150 4091 Suppl.
1179 4012 1241 4073 118
1278 4029 1383 4074 οοννοοο
1413 4024 1466 4075 σά-

173 4129 239 4180 ‘beu
259 4127 341 4198 μέλεα
360 4129 494 4199 θρεομένα
513 4129 534 4178 δ’
556 4129 608 4200 ἐγὼ
628 4128 704 4199 λιγέα
733 4130 817 4201 βαρέα
844 4128 1014 4201 δακρυοπετῄ,
1049 4112 1168 4198 suppl.
1202 4117 1267 4178 802
1300 4127 1392 4190 λισσὰς
1423 4126 1466 4179 αἷ-

186 4235 258 4306 γίλιψ
279 4235 464 4307 απρὸοδεικτος
486 4234 599 4307 οἰόφρων
617 4240 714 4308 κρεμὰς
732 4240 826 4307 γυπιὰς
845 4237 935 4308 πέτρα,
960 4222 1029 4287 duo
1060 4221 1116 4287 Vel
1138 4223 1199 4286 iria
1217 4218 1366 4304 epitheta
1383 4237 1468 4304 Syn·

187 4345 316 4410 onyma
354 4330 585 4393 inveniuntur
621 4326 683 4414 Ag.
708 4333 774 4394 230
805 4346 896 4416 φρενὸς
931 4345 1010 4395 πνέων
1048 4342 1164 4415 δυσσεβῆ
1193 4341 1317 4413 τροπαίων
1350 4342 1466 4411 ἄναγνον,

187 4449 293 4520 ἀνίερον,
319 4432 382 4519 Ag.
408 4439 473 4499 763
499 4450 609 4520 δαίμονά
628 4472 655 4503 τε
674 4453 713 4504 τὸν
735 4450 845 4522 ἄμαχον,
866 4451 1007 4520 ἀπόλεμον,
1033 4433 1153 4518 suppl.
1177 4439 1244 4499 689
1278 4447 1373 4520 ἄχορον
1407 4447 1466 4499 ὰκὶ-

186 4558 264 4628 οσρνν
283 4557 456 4628 οονρννογονον
474 4557 552 4631 Alpa,
575 4543 719 4628 aliisque
744 4543 861 4608 multis
885 4543 969 4608 locis
990 4545 1045 4623 ita,
1063 4557 1099 4607 ut
1117 4544 1258 4607 minime
1275 4540 1466 4624 putandum
