3216 5040
748 243 900 299 -Χ..
1560 11 1587 300 Ι

187 389 215 441 ὲκ
234 390 313 472 σορὸς
332 387 420 451 συθείς
438 404 497 444 von
516 390 637 444 demit
603 388 705 444 Stablo
723 389 907 457 (Schwarte),
926 387 1030 456 fragm.
1050 387 1130 457 298‚4
1147 386 1252 458 ἄπτεροι
1265 387 1382 440 meleu
1371 404 1469 450 arven

187 479 245 534 den
264 479 410 546 Pleiaden,
430 478 526 533 Prom.
545 479 599 532 906
618 474 720 548 οἴστρου
738 475 811 548 ἄρδις
830 476 952 548 ἂπυροςέι

276 569 322 634 50)
342 567 415 622 Vide
441 567 538 622 Christ
561 567 611 621 l..l
631 582 657 635 p.
679 565 745 622 180:
772 566 854 634 „Von
879 567 1003 621 stolzem
1026 566 1176 638 Selhstgef
1177 567 1225 621 llhl
1253 566 1306 622 aui
1330 567 1392 621 sein
1422 582 1470 622 an-

50 708 55 719 ,
186 635 452 725 geborenesGenie
471 656 708 723 durchdrungen
727 656 891 724 vergleicht
909 671 941 711 er
959 657 1021 710 sich
1041 657 1108 710 dem
1128 655 1380 726 hochtliegenden,
1401 657 1469 714 Aar.

52 740 75 823 ἠ»
189 747 240 801 der
271 745 508 815 geringschiitaig
538 759 597 800 von
628 747 725 801 seiher
756 745 841 800 Hdhe
878 745 930 800 auf
964 746 1010 800 die
1042 745 1179 800 muhsanr
1211 745 1338 801 erleinte
1369 745 1470 800 Kunst

62 830 65 839 '
187 835 397 891 kreischender
415 835 517 890 Raben
546 835 752 891 herabschaut.
790 835 823 888 N.
843 835 867 902 3,
881 831 929 900 805
951 835 1009 903 vgl.
1029 833 1071 892 Ol.
1090 834 1167 902 hild,
1187 834 1221 888 N.
1241 833 1265 893 5,
1274 833 1306 887 21
1327 836 1387 910 und
1408 835 1468 889 hes.

188 926 245 980 dell
264 925 384 980 Schluss
402 939 461 979 von
480 923 522 980 Ol.
545 925 571 979 l:
592 921 636 997 εἴη
657 942 688 993 με
707 921 816 975 τοσσάδε
842 923 988 994 νικαφόροις
1008 921 1106 993 ballein
1130 922 1275 993 πρόφαντον
1303 921 1383 994 σοφίᾳ
1405 923 1469 974 καθ’

187 1012 322 1074 Ἕλλανας
341 1010 414 1066 ἐόντα
433 1021 522 1083 παντᾷ.
559 1013 611 1068 Die
624 1013 807 1070 Scholiasten
822 1014 963 1068 deuteteu
982 1013 1028 1067 die
1047 1012 1148 1068 Raben
1167 1012 1220 1068 aul
1229 1012 1396 1068 Simonides
1408 1015 1469 1068 und
1527 1020 1530 1024 ’
1586 1079 1587 1090 ρ

187 1103 392 1172 Bakchylides,
413 1104 458 1159 die
476 1101 692 1171 Hauptrivalen
705 1101 835 1158 Pindars.
873 1103 924 1157 Mlt
943 1098 1189 1157 Bescheidenheit
1211 1103 1314 1156 riihmt
1337 1103 1401 1156 sich
1424 1103 1470 1156 da·

187 1208 285 1262 gegen
304 1193 499 1260 Bakchylldes
517 1193 550 1248 fr.
570 1191 604 1244 14
623 1207 679 1246 nur
705 1193 756 1246 der
779 1207 838 1246 von
862 1192 991 1247 anderen
1015 1190 1168 1258 gelernten
1197 1191 1304 1249 Kunst.
1347 1191 1470 1246 Pindars

189 1282 404 1349 Ueberhebung
422 1283 492 1337 land
511 1282 603 1337 selbst
620 1282 666 1336 bei
685 1282 799 1337 seinem
813 1281 1012 1336 Bewunderer
1025 1276 1163 1335 Plutarch
1180 1280 1249 1336 Mor.
1263 1281 1315 1336 529
1326 1297 1341 1334 c
1353 1281 1469 1336 'rodolf‘

278 1370 324 1437 51)
345 1371 427 1438 Quod
445 1370 586 1426 Horatius
605 1370 655 1424 Od.
675 1356 717 1424 IV
736 1371 762 1431 2,
781 1372 799 1423 5
817 1368 975 1424 Pindarum
1001 1383 1070 1423 eum
1089 1383 1176 1424 amne
1196 1370 1231 1424 de
1251 1373 1354 1425 monte
1374 1371 1470 1426 decur-

188 1465 274 1518 rente
293 1462 453 1528 comparat,
472 1461 594 1514 nomine
611 1461 727 1514 mutato
747 1458 899 1528 aptissime
919 1459 1064 1526 quadrant
1076 1459 1181 1526 poetae
1192 1459 1335 1515 Venusini
1348 1461 1471 1529 pulchra

189 1553 277 1606 verba
297 1551 386 1604 etiam
406 1551 443 1604 ad
462 1549 662 1617 Aeschylum:
690 1547 798 1612 ‚Monte
824 1550 982 1603 decurrens
1007 1548 1089 1603 velut
1112 1549 1217 1617 amnis,
1245 1550 1355 1605 imbres
1381 1565 1470 1618 quem

188 1655 277 1708 super
295 1642 382 1694 notas
401 1638 499 1694 aluere
518 1638 605 1706 ripae,
632 1638 727 1693 fervet
746 1639 969 1706 immensusque
987 1639 1046 1692 ruit
1074 1638 1218 1707 profundo
1244 1638 1387 1696 Pindarus
1411 1654 1471 1696 ore.

188 1729 329 1784 Nostrum
344 1743 460 1796 quoque
473 1732 592 1802 poetam
607 1727 750 1796 profundo
767 1742 816 1782 ore
835 1731 866 1782 σο
885 1727 983 1781 animo
1003 1727 1093 1783 fuisse
1112 1729 1170 1782 iam
1191 1742 1279 1795 supra
1297 1729 1471 1796 significavi.

189 1819 284 1887 Quam
303 1818 339 1872 ob
364 1833 427 1873 rem
453 1819 484 1872 et
509 1819 544 1872 de
563 1818 703 1886 Aeschyli
729 1820 760 1872 et
783 1819 819 1872 de
841 1816 959 1871 Pindari
985 1818 1066 1886 poesi
1091 1818 1174 1884 recte
1197 1817 1252 1872 dici
1281 1817 1354 1872 mihi
1383 1833 1471 1886 posse

188 1909 305 1962 videtur
324 1907 404 1970 illud,
423 1907 500 1974 quod
519 1907 669 1961 invenitur
681 1907 711 1960 in
724 1905 804 1974 Sept.
818 1905 852 1959 85
867 1903 952 1976 βρέμει
965 1903 987 1956 δ’
1002 1904 1134 1976 ἀμαχέτου
1147 1904 1218 1957 δίκαν
1228 1904 1323 1964 ὓδατος
1335 1905 1472 1978 ὀροτύπου,

275 1995 324 2062 52)
343 1995 386 2051 De
399 1996 542 2064 Sophocle
554 1989 748 2051 meditatione
761 1994 953 2050 multifariam
972 1995 1002 2050 in
1022 1996 1103 2064 poesi
1122 2010 1176 2050 sua
1194 1998 1298 2050 utente
1313 1997 1472 2066 Aeschylo.

188 2088 238 2156 qui
258 2089 321 2141 erat
340 2085 444 2156 γόνιμος
463 2083 582 2156 ποιητής,
602 2085 736 2153 opposito
756 2086 830 2139 bene
849 2084 946 2140 Christ
964 2084 982 2138 l.
996 2085 1013 2138 l.
1034 2100 1060 2153 p.
1080 2083 1144 2140 226:
1164 2083 1268 2153 „Sepla
1289 2086 1374 2140 hatte
1393 2087 1473 2142 einst

37 2227 57 2247 ,
189 2190 249 2231 von
268 2176 374 2234 Aesch.
395 2177 507 2243 gesagt‚
533 2189 564 2228 er
583 2177 634 2228 tue
653 2175 704 2229 das
723 2173 844 2240 Rechte,
871 2174 940 2228 aber
959 2174 1036 2229 ohne
1056 2188 1088 2228 es
1113 2189 1148 2228 zu
1167 2174 1275 2228 wissen
1301 2175 1346 2239 (cf.
1362 2176 1474 2232 Athen.

23 2249 79 2342 ⁴33}
188 2265 249 2320 22a
267 2263 306 2315 διὸ
324 2262 523 2404 καὶΣοφρκλης
542 2261 611 2333 αὐτῷ
626 2281 819 2333 μομρομσνος
808 2260 895 2331 ἔλεγον
914 2261 961 2326 ὅτι,
975 2257 1172 2333 ὧΑἰσχόλσ,
1152 2258 1449 2316 attestationem*
1427 2283 1473 2328 ο,ις

191 2351 294 2406 ἀλλ’
271 2372 314 2406 ουν
333 2351 418 2405 otiis
398 2352 472 2416 εοδώς
490 2371 521 2423 γε
547 2370 604 2403 nors
607 2357 636 2415 ῐς,
661 2351 696 2413 ὡς
721 2349 818 2422 ἱστορεῖ
844 2350 1040 2422 Χαμαιλέων
1032 2371 1056 2402 ον
1078 2371 1113 2421 τῳ
1138 2353 1195 2422 περὶ
1220 2350 1375 2423 Αἰσχύλου).
1413 2355 1474 2410 Das

189 2444 275 2500 sollte
295 2445 342 2498 ein
361 2442 449 2498 Tadel
468 2443 532 2496 sein
551 2443 581 2496 in
600 2443 666 2496 dem
687 2441 793 2496 Munde
817 2443 868 2496 des
890 2443 1037 2509 jiingeren
1062 2441 1308 2498 reilektierenden
1327 2444 1473 2508 Dichters

33 2508 45 2547 ξ
57 2529 90 2596 331'.
189 2534 230 2588 ist
248 2534 343 2587 aber
336 2547 366 2587 m
386 2533 437 2587 der
455 2531 510 2586 'lat
528 2533 580 2585 das
599 2531 722 2586 hochste
742 2528 830 2585 Lob‘
992 2571 993 2574 ξ
1492 2588 1495 2594 ,

29 2610 44 2657 s
64 2607 86 2686 ’,ξ
279 2623 321 2683 53)
341 2619 472 2674 Nimium
501 2622 555 2688 est,
581 2619 885 2688 quouwnamowuz.
911 2622 956 2675 uie
982 2621 1091 2688 guest.
1110 2620 1179 2676 uiri.
1199 2623 1225 2676 u.
1244 2621 1303 2676 Art.
1327 2637 1354 2690 p.
1373 2621 1409 2677 σο
1436 2625 1473 2679 ce

29 2688 80 2791 ξιξι
189 2709 334 2778 Sophocle
354 2709 436 2764 dicit:
465 2709 541 2778 „Das
559 2709 708 2764 Kiinsteln
732 2724 769 2764 an
788 2710 840 2764 der
858 2709 994 2778 Sprache,
1022 2711 1105 2764 nicht
1128 2710 1205 2766 ohne
1226 2709 1474 2768 Gewaltsamkeit

189 2801 249 2854 und
268 2799 512 2865 Uelrertreibung.
530 2799 569 2852 ist
589 2799 669 2853 erin
688 2797 843 2853 Wahrheit
861 2799 910 2853 nie
929 2799 972 2852 los
991 2797 1176 2866 geworden'.“
1458 2851 1461 2862 ,

29 2865 67 2905 ι’·
278 2887 322 2951 ut)
341 2887 425 2942 Keck
447 2887 477 2941 in
497 2888 586 2956 praef.
612 2889 649 2942 ud
674 2888 741 2942 edit.
761 2888 996 2954 Agamemnonis
1015 2888 1085 2942 1863
1109 2887 1192 2942 dicit:
1220 2889 1393 2958 „Derjenige
1412 2905 1473 2946 von

192 2979 249 3032 den
273 2977 417 3044 Neueren‚
441 2977 569 3031 welcher
594 2976 759 3045 Aeschylus
789 2991 837 3030 am
861 2975 1083 3044 congenialsten
1109 2977 1155 3036 ist.
1175 2967 1377 3046 Shalrespeare
1397 2978 1473 3034 etc.‘'·

280 3068 322 3127 55)
342 3065 442 3120 Multis
468 3080 506 3119 ex
529 3066 661 3134 partibus
683 3065 811 3120 similem
836 3065 1016 3134 Aeschylum
1044 3080 1108 3120 esse
1129 3066 1351 3146 Shakespeario
1368 3071 1473 3136 negari

190 3170 252 3211 non
276 3156 384 3223 potest.
425 3155 524 3232 Atque
550 3156 626 3221 quod
650 3155 818 3223 nuperrime
845 3153 1011 3224 Sieperum
1024 3156 1245 3222 Monacensem,
1264 3155 1473 3225 'Shalrespearii

190 3245 273 3300 illum
303 3244 557 3311 investigatorem,
585 3244 615 3299 in
643 3244 698 3297 hac
727 3245 797 3297 urbe
825 3243 939 3314 publice
967 3244 1113 3298 dicentem
1143 3244 1240 3299 audivi
1264 3245 1473 3314 shakespsan'i

37 3317 44 3348 ’ξ
156 3359 159 3366 ·
189 3347 313 3402 poeseos
332 3335 479 3400 naturam,
498 3333 523 3386 sl
542 3346 631 3399 quam
650 3333 822 3387 brevissime
842 3347 906 3386 eam
928 3333 1093 3401 exprimere
1118 3333 1199 3401 velis,
1229 3336 1385 3390 veritatem
1405 3351 1473 3392 esse

191 3425 223 3477 et
241 3422 356 3476 virilem
377 3423 520 3484 animum,
548 3422 625 3476 idem
646 3436 684 3476 ox
704 3423 754 3488 eis,
774 3436 848 3490 quae
867 3423 951 3477 initio
971 3423 1161 3491 praefationis
1180 3424 1249 3490 dixi,
1268 3425 1304 3478 de
1323 3426 1473 3494 Aeschylo

190 3511 350 3580 praedicari
364 3514 470 3579 potest.
499 3511 591 3565 Recte
604 3511 694 3578 igitur
708 3509 792 3570 Blass
805 3511 1086 3582 (ed..Choeplr.1906)
1100 3527 1187 3582 saepe
1200 3512 1280 3567 locos
1291 3513 1473 3582 Aeschyleos

191 3615 259 3655 cum
287 3599 432 3655 similibus
462 3598 667 3668 Shakespearli
695 3603 854 3668 comparat.
834 3591 938 3654 tut
966 3615 1018 3670 pro
1020 3601 1097 3656 fecto
1132 3601 1206 3655 aliae
1235 3602 1346 3656 multae
1374 3601 1474 3657 simili·

190 3689 309 3744 tudines
337 3689 523 3742 intercedunt
550 3689 628 3742 inter
653 3691 773 3756 poetam
797 3688 1001 3744 Graecumet
989 3691 1195 3756 tAnglicum.
1233 3689 1363 3758 Uterque
1392 3692 1473 3748 enim
1581 3707 1582 3736 l

190 3792 283 3846 aeque
302 3777 333 3832 in
352 3777 462 3832 mundo
482 3777 553 3832 reali
573 3779 687 3846 atque
681 3793 711 3832 m
730 3777 816 3833 ideali
835 3783 971 3834 versatus
989 3783 1067 3849 erat;
1100 3781 1223 3847 uterque
1242 3779 1472 3836 translationum

176 3867 248 3922 'el'
241 3867 405 3935 imaginum
426 3867 548 3942 audacia
567 3868 741 3935 conspicuus
761 3872 814 3932 est,
834 3869 987 3936 utriusque
1005 3869 1120 3924 fabulae
1140 3869 1244 3937 plenae
1262 3871 1333 3924 sunt
1352 3871 1473 3940 optimis

191 3956 313 4023 ethicae,
332 3955 490 4022 religionis,
509 3955 711 4024 philosophiae
730 3959 893 4026 praeceptis
921 3964 951 4012 et
974 3973 1124 4013 summam
1156 3958 1238 4012 illam
1264 3959 1358 4013 malae
1377 3960 1471 4036 animi
1580 3963 1581 3974 ’

191 4045 389 4099 conscientiae
402 4045 566 4112 potentiam
586 4046 615 4099 in
629 4045 762 4113 personis
775 4047 836 4101 suis
855 4049 1036 4114 exprimunt,
1055 4049 1179 4115 uterque
1199 4041 1348 4102 maximae
1367 4049 1474 4104 severi·

191 4133 254 4200 tati,
274 4133 422 4201 gravitati,
444 4148 538 4200 paene
558 4135 636 4188 dicas
655 4136 744 4189 animi
765 4137 903 4208 tristitiae
929 4137 1010 4190 addit
1027 4136 1220 4190 festivitatem
1241 4138 1397 4206 quanda-m,
1416 4137 1472 4198 ioci

190 4223 331 4289 studium,
345 4222 526 4289 comitatem,
546 4225 669 4291 uterque
682 4225 843 4280 immanem
859 4225 939 4280 illam
954 4227 985 4280 et
998 4226 1081 4293 qnasi
1094 4226 1296 4280 daemonicam
1310 4225 1469 4282 affectuum

191 4313 222 4365 et
241 4310 435 4380 cupiditatum
454 4312 515 4364 vim
536 4311 617 4366 velut
636 4314 753 4381 amoris,
773 4316 821 4380 qui
842 4316 872 4369 et
891 4315 1060 4369 deliciarum
1076 4316 1105 4368 et
1119 4317 1304 4369 summorum
1325 4315 1470 4372 malorum

191 4400 360 4454 hominibus
379 4400 481 4453 auctor
500 4403 579 4454 esset
600 4400 646 4466 (cl
611 4404 720 4468 cAg.
741 4403 882 4458 718-748
901 4406 936 4459 de
955 4405 1073 4458 funesto
1094 4403 1225 4458 Helenae
1249 4417 1359 4462 aurore
1382 4411 1471 4472 quem

190 4488 289 4543 locum
315 4488 447 4542 videas
440 4487 526 4557 infra)
550 4493 601 4557 opt
603 4490 661 4544 ime
686 4492 826 4559 depingit,
852 4495 976 4562 uterque
1004 4507 1038 4548 ea
1064 4506 1170 4547 scenae
1201 4493 1369 4561 commititt
1396 4507 1472 4562 quae
1578 4507 1579 4530 l

190 4577 343 4631 horrorem
365 4579 513 4644 quendam
532 4579 665 4642 iniciunt,
684 4580 767 4633 velut
784 4583 899 4636 animas
918 4587 1103 4637 mortuorum
1124 4584 1154 4636 t
1173 4596 1292 4636 ommno
1312 4595 1368 4648 rea,
1396 4597 1471 4652 quae
