3216 5040
735 240 888 293 *¹6*-

169 389 344 470 copiosius
390 387 579 471 inquisivit.
636 384 789 448 Maxime
823 397 935 449 autem
976 385 1147 448 assentior
1184 382 1238 447 his
1271 385 1303 447 in
1344 385 1448 451 rebus

174 490 401 573 Kirchhol’lm,
435 495 493 577 qui
529 494 562 556 in
598 489 809 576 praefatione
844 491 1005 556 editionis
1037 509 1119 555 suae
1148 489 1318 572 (Berolini
1352 494 1448 576 1880)

169 598 250 682 p.V
277 599 476 684 exemplum
503 617 540 664 se
564 616 761 681 proponere
786 596 875 662 velle
900 598 988 661 dixit
1018 614 1150 676 ,eorum
1177 597 1300 663 usibus
1317 617 1449 664 accom-

170 708 358 784 modatum,
394 724 543 791 quorum
579 695 733 770 interest
755 706 935 769 veritatem
973 705 1098 768 intueri
1135 722 1197 769 nec
1230 703 1340 769 fucata
1371 724 1449 770 ver-

170 814 293 879 borum
312 816 425 897 specie
443 828 475 878 et
493 812 654 877 delectati
673 825 705 877 et
729 811 863 893 decipi‘
897 810 1076 892 Ejusmodi
1094 810 1264 876 editiones
1282 809 1457 904 Aeschyli

170 919 310 1001 fucatas,
335 937 481 1004 quarum
505 933 663 983 auctores
688 919 895 997 conjecturis
921 919 1082 1002 quamvis
1107 920 1294 1001 ingeniosis
1315 933 1348 983 et
1372 937 1449 1003 spe-

169 1029 271 1093 ciosis
296 1029 329 1090 in
357 1040 488 1090 textum
514 1027 626 1107 ipsum
654 1026 800 1107 receptis
826 1023 1017 1107 simplicem
1041 1024 1168 1089 codicis
1186 1024 1333 1091 Medicei
1358 1028 1449 1091 veri·

170 1149 270 1201 tatem
301 1132 477 1198 oblivione
509 1131 711 1211 obruerunt,
745 1150 866 1197 revera
896 1130 1022 1215 publici
1052 1133 1139 1212 juris
1170 1130 1253 1196 lacta
1284 1152 1362 1198 esse
1393 1135 1447 1213 ita,

170 1257 207 1306 ut
231 1243 382 1306 editores
408 1259 475 1304 non
499 1253 724 1318 correctores,
750 1239 811 1303 sed
828 1253 1051 1321 corruptores
1070 1237 1235 1323 Aeschyli
1262 1244 1446 1320 evaserint,

78 1375 81 1380 ·
169 1351 246 1433 quis
272 1362 385 1432 potest
409 1345 561 1430 negare?
601 1343 683 1425 Cui,
707 1326 784 1409 cum
805 1347 985 1409 insinuatis
1004 1345 1070 1409 illis
1088 1346 1276 1410 editionum
1296 1347 1448 1413 lectioni-

168 1456 232 1520 bus
258 1457 354 1540 quasi
378 1455 604 1531 assuevisset,
634 1470 701 1516 non
735 1454 860 1531 statim,
892 1469 969 1516 cum
1006 1449 1093 1517 forte
1121 1451 1268 1518 Medicei
1298 1471 1362 1535 pro
1394 1455 1447 1520 his

167 1565 356 1646 scripturas
382 1561 530 1644 legisset,
556 1562 588 1624 in
616 1573 766 1623 mentem
792 1561 888 1623 venit
921 1559 985 1624 hos
1013 1577 1136 1623 verum
1165 1559 1342 1642 exhibere,
1368 1580 1444 1626 cum

107 1711 113 1730 .
167 1671 208 1734 ad
249 1687 364 1734 rerum
406 1682 438 1732 et
478 1669 726 1732 sententiarum
768 1683 939 1730 conexum
980 1669 1222 1750 sermonisque
1259 1665 1446 1753 Aeschylei

166 1777 412 1859 proprietatem
431 1776 560 1857 optime
578 1775 646 1837 sint
663 1771 969 1838 accommodatae?
1005 1769 1121 1854 Quam
1147 1772 1191 1838 ob
1210 1791 1282 1838 rem
1301 1774 1444 1840 dubium

167 1901 235 1948 non
269 1896 331 1961 est,
366 1883 448 1966 quin
483 1878 664 1945 Wecklein
699 1876 865 1962 Aeschyli
901 1877 1033 1944 fabulas
1065 1897 1141 1943 cum
1173 1880 1378 1946 lectionibus
1414 1897 1446 1948 et

167 1987 307 2054 scholiis
350 1988 478 2053 codicis
511 1986 659 2051 Medicei
695 1985 737 2050 ab
769 1984 988 2069 Hieronymo
1020 1983 1137 2050 Vitelli
1167 1987 1282 2052 denuo
1315 1988 1446 2053 collatis

166 2096 300 2160 edendo
324 2094 495 2177 (Berolini
525 2098 606 2158 1885
641 2111 718 2158 cum
752 2093 940 2176 appendice
970 2091 1153 2158 utilissima
1185 2097 1340 2160 omnium
1374 2093 1445 2161 lere

166 2204 441 2283 conjecturarum
468 2215 690 2285 conspectum
717 2199 904 2284 praebente
936 2214 968 2264 et
1001 2217 1078 2264 cum
1109 2198 1310 2285 fragmentis
1349 2202 1445 2285 1893)

165 2311 297 2392 optime
322 2311 467 2373 meritus
493 2311 536 2373 sit
564 2309 607 2372 de
636 2322 735 2390 poeta
773 2321 903 2387 nostr0,
935 2325 1002 2391 qua
1033 2307 1076 2372 de
1104 2325 1206 2372 causa
1239 2308 1445 2394 plerumque

166 2414 332 2498 Aeschyli
352 2433 477 2479 versus
495 2415 686 2481 secundum
705 2413 791 2479 hanc
815 2415 1001 2479 editionem
1020 2411 1160 2479 afferam
1186 2429 1218 2479 et
1244 2395 1444 2482 numerabo.

164 2520 299 2587 Vellem
332 2521 512 2588 Wecklein
548 2524 648 2587 etiam
680 2524 713 2585 in
746 2519 908 2587 Orestiae
940 2522 1090 2586 editione
1132 2521 1173 2606 (a.
1208 2522 1304 2604 1888)
1331 2527 1445 2589 minus

164 2647 297 2712 pronus
349 2627 470 2694 luisset
514 2629 555 2694 ad
610 2630 824 2708 conjecturas
868 2647 932 2712 pro
973 2628 1072 2694 bonis
1117 2626 1246 2694 'codicis
1297 2629 1444 2695 Medicei

164 2735 372 2801 lectionibus
409 2739 441 2800 in
477 2749 608 2802 textum
640 2739 753 2819 ipsum
786 2737 1002 2818 recipiendas
1033 2735 1128 2800 velut
1157 2736 1307 2820 exempli
1339 2740 1444 2822 gratia

165 2840 227 2926 Ag.
257 2848 296 2907 14
326 2859 458 2920 ἀντὶπνοος
478 2875 529 2927 pro
555 2860 613 2910 ἀνθ’
639 2860 725 2922 ὕπνου,
749 2857 1005 2928 191εσποωυμένοο
1029 2876 1080 2928 pro
1106 2858 1316 2930 διαπονουμένου,
1342 2861 1376 2914 49
1401 2861 1444 2912 ἑ-νι

165 2946 273 3018 πάγλοες
291 2965 341 3016 pro
362 2948 500 3012 ἐκπατίοις,
515 2949 566 3000 13.)
586 2946 663 3018 οἴκτῳ
684 2965 734 3016 pl'O
756 2945 826 3018 οἴκῳ,
841 2947 893 2999 313
908 2948 1133 3018 προοαιθρίζοοοο
1147 2950 1276 3019 πόμπιμον
1291 2949 1378 3020 φλόγα
1391 2966 1442 3018 pro

164 3052 240 3104 πλέον
264 3053 376 3105 καίουσα
402 3063 450 3106 τῶν
480 3053 620 3128 εἰρημένον
650 3038 705 3123 (Cf
745 3039 896 3105 Roemer
931 3040 951 3104 1.
992 3040 1011 3104 1.
1052 3059 1083 3124 p.
1124 3039 1214 3122 215),
1254 3038 1317 3125 Ag.
1361 3045 1444 3106 1670

100 3204 105 3210 .
158 3144 413 3214 1119110119)
438 3144 493 3229 (cl.
518 3144 655 3211 Verrall
681 3148 733 3212 ed.
760 3145 880 3230 Agam.
910 3151 993 3211 1904
1017 3148 1069 3211 ad.
1095 3146 1154 3229 ν.)
1180 3147 1278 3212 Eum.
1301 3134 1325 3213 Ι8
1354 3165 1445 3237 τὴοης

163 3283 214 3335 pto
235 3267 348 3339 Φοίβης,
375 3252 474 3318 Eum.
509 3258 554 3318 68
589 3269 658 3338 ὕπνῳ
684 3275 816 3339 παρεῖνται
841 3285 893 3336 pro
913 3259 981 3339 ὕπνῳ
1008 3277 1141 3332 πεσοῦσαι,
1160 3269 1194 3323 69
1216 3269 1314 3325 Νυκτὸς
1334 3271 1445 3331 παλαια)

165 3355 252 3412 παῖδες
271 3375 322 3425 pro
341 3364 430 3428 γραῖαι
451 3357 561 3408 παλαιαὶ
581 3357 677 3419 παῖδες.

253 3463 460 3548 Quinetiam
477 3465 707 3532 Wilamowitz
721 3484 859 3551 quoque
873 3464 1075 3550 (Aischylos
1089 3465 1441 3552 Orestie,griechisch

162 3573 233 3638 und
272 3573 429 3653 deutsch,
468 3576 607 3660 zweites
648 3570 770 3639 Stiick:
809 3573 870 3637 das
911 3570 1025 3656 Opler
1064 3591 1117 3637 am
1160 3571 1280 3640 Grabe
1323 3573 1442 3640 Berlin

164 3683 249 3744 1806
288 3698 320 3763 p.
364 3683 435 3760 147,
475 3682 574 3748 cuius
620 3679 699 3745 libri
745 3681 913 3763 ingeniosi
955 3678 1046 3744 Iwan
1087 3680 1237 3746 Mueller
1276 3699 1331 3746 me
1372 3700 1445 3746 mo-

161 3786 258 3868 nuit),
283 3802 466 3873 postquam
493 3785 687 3852 Mediceum
715 3785 832 3852 multis
858 3805 901 3851 ex
926 3786 1082 3870 partibus
1104 3790 1325 3871 vituperavit,
1351 3802 1444 3872 post·

161 3911 257 3959 remo
292 3892 417 3968 latetur
442 3912 478 3959 se
503 3895 663 3978 quamvis
697 3896 843 3958 invitum
878 3895 953 3976 ejus
986 3897 1167 3978 scripturis
1193 3895 1315 3961 cedere
1349 3913 1445 3960 coac·

162 4012 233 4065 tum
260 3999 399 4082 esse.⁶⁴)

250 4125 359 4190 Etiam
395 4125 523 4191 scholia
554 4124 711 4189 Medicea
742 4125 932 4189 secundum
959 4122 1166 4190 Weckleinii
1195 4125 1380 4191 editionem
1411 4144 1439 4189 a.

163 4236 245 4297 1885
282 4231 410 4315 publici
447 4234 533 4297 iuris
570 4229 691 4298 factam
731 4232 860 4317 ubique
897 4235 931 4299 in
969 4231 1147 4317 Aeschylo
1182 4232 1441 4316 interpretando

159 4339 341 4423 diligenter
366 4339 595 4405 examinanda
619 4357 755 4418 cense0,
785 4341 918 4405 etiamsi
949 4339 1208 4405 concedendum
1243 4352 1295 4404 est
1319 4356 1439 4404 eorum

159 4459 317 4512 auctores
353 4463 605 4529 saepenumero
641 4448 816 4512 erravisse
850 4444 905 4530 (cl.
941 4446 1092 4512 Roemer
1117 4445 1138 4511 l.
1162 4446 1182 4511 1.
1208 4464 1240 4529 p.
1257 4446 1351 4529 217);
1377 4446 1441 4512 hoc

162 4555 280 4637 utique
304 4571 427 4618 verum
454 4568 516 4634 est,
542 4553 634 4638 quod
664 4555 765 4619 etiam
798 4549 933 4635 Christ,
963 4553 1083 4618 histor.
1114 4552 1162 4620 lit.
1195 4550 1321 4619 Graec.
1358 4556 1443 4618 1898
