<?xml version="1.0" encoding="UTF-8"?>
<!DOCTYPE html PUBLIC "-//W3C//DTD XHTML 1.0 Transitional//EN"
    "http://www.w3.org/TR/xhtml1/DTD/xhtml1-transitional.dtd">
<html xmlns="http://www.w3.org/1999/xhtml" xml:lang="en" lang="en">
 <head>
  <title>
</title>
<meta http-equiv="Content-Type" content="text/html;charset=utf-8" />
  <meta name='ocr-system' content='tesseract 3.04.00' />
  <meta name='ocr-capabilities' content='ocr_page ocr_carea ocr_par ocr_line ocrx_word'/>
</head>
<body>
  <div class='ocr_page' id='page_1' title='image "./studiainaeschyl00ruckgoog_0020.png"; bbox 0 0 3216 5040; ppageno 0'>
   <div class='ocr_carea' id='block_1_1' title="bbox 765 258 924 310">
    <p class='ocr_par' dir='ltr' id='par_1_1' title="bbox 765 258 924 310">
     <span class='ocr_line' id='line_1_1' title="bbox 765 258 924 310; baseline 0.006 -17"><span class='ocrx_word' id='word_1_1' title='bbox 765 258 924 310; x_wconf 63' lang='lat'><strong>„11-</strong></span> 
     </span>
    </p>
   </div>
   <div class='ocr_carea' id='block_1_2' title="bbox 203 388 1504 482">
    <p class='ocr_par' dir='ltr' id='par_1_2' title="bbox 203 388 1590 498">
     <span class='ocr_line' id='line_1_2' title="bbox 203 388 1504 482; baseline -0.006 -11"><span class='ocrx_word' id='word_1_2' title='bbox 203 421 317 471; x_wconf 88' lang='lat' dir='ltr'><strong>autem</strong></span> <span class='ocrx_word' id='word_1_3' title='bbox 343 404 439 469; x_wconf 94' lang='lat' dir='ltr'><strong>chori</strong></span> <span class='ocrx_word' id='word_1_4' title='bbox 465 403 677 469; x_wconf 83' lang='lat' dir='ltr'>carminibus</span> <span class='ocrx_word' id='word_1_5' title='bbox 701 402 884 468; x_wconf 89' lang='lat' dir='ltr'><strong>adstrictos</strong></span> <span class='ocrx_word' id='word_1_6' title='bbox 909 419 986 466; x_wconf 90' lang='lat' dir='ltr'><strong>esse</strong></span> <span class='ocrx_word' id='word_1_7' title='bbox 1018 388 1204 482; x_wconf 85' lang='lat' dir='ltr'><strong>contendit,</strong></span> <span class='ocrx_word' id='word_1_8' title='bbox 1230 400 1341 467; x_wconf 93' lang='lat' dir='ltr'><strong>libero</strong></span> <span class='ocrx_word' id='word_1_9' title='bbox 1365 411 1504 476; x_wconf 41' lang='lat' dir='ltr'><strong>carere¹¹</strong></span> 
     </span>
    </p>
   </div>
   <div class='ocr_carea' id='block_1_3' title="bbox 204 495 1608 808">
    <p class='ocr_par' dir='ltr' id='par_1_3' title="bbox 204 484 1608 808">
     <span class='ocr_line' id='line_1_3' title="bbox 204 495 1582 596; baseline -0.005 -18"><span class='ocrx_word' id='word_1_10' title='bbox 204 513 347 580; x_wconf 89' lang='lat' dir='ltr'><strong>arbitrio</strong></span> <span class='ocrx_word' id='word_1_11' title='bbox 380 515 453 596; x_wconf 91' lang='lat' dir='ltr'><strong>ipsa</strong></span> <span class='ocrx_word' id='word_1_12' title='bbox 480 508 615 576; x_wconf 84' lang='lat' dir='ltr'>Orestia</span> <span class='ocrx_word' id='word_1_13' title='bbox 644 511 754 589; x_wconf 89' lang='lat' dir='ltr'><strong>docet,</strong></span> <span class='ocrx_word' id='word_1_14' title='bbox 785 510 819 575; x_wconf 91' lang='lat' dir='ltr'><strong>id</strong></span> <span class='ocrx_word' id='word_1_15' title='bbox 848 509 941 590; x_wconf 91' lang='lat' dir='ltr'><strong>quod</strong></span> <span class='ocrx_word' id='word_1_16' title='bbox 977 527 1088 593; x_wconf 81' lang='lat' dir='ltr'>nuper</span> <span class='ocrx_word' id='word_1_17' title='bbox 1112 506 1395 591; x_wconf 60' lang='lat' dir='ltr'><strong>Wilamowitzll)</strong></span> <span class='ocrx_word' id='word_1_18' title='bbox 1427 495 1486 573; x_wconf 90' lang='lat' dir='ltr'><strong>ad·</strong></span> <span class='ocrx_word' id='word_1_19' title='bbox 1578 503 1607 562; x_wconf 79' lang='grc' dir='ltr'>ξ</span> 
     </span>
     <span class='ocr_line' id='line_1_4' title="bbox 204 599 1602 701; baseline -0.006 -15"><span class='ocrx_word' id='word_1_20' title='bbox 204 638 330 687; x_wconf 92' lang='lat' dir='ltr'><strong>versus</strong></span> <span class='ocrx_word' id='word_1_21' title='bbox 354 638 426 698; x_wconf 91' lang='lat' dir='ltr'><strong>eos,</strong></span> <span class='ocrx_word' id='word_1_22' title='bbox 451 621 509 700; x_wconf 95' lang='lat' dir='ltr'><strong>qui</strong></span> <span class='ocrx_word' id='word_1_23' title='bbox 536 615 750 701; x_wconf 86' lang='lat' dir='ltr'>Aeschylum</span> <span class='ocrx_word' id='word_1_24' title='bbox 776 619 890 682; x_wconf 89' lang='lat' dir='ltr'><strong>omnia</strong></span> <span class='ocrx_word' id='word_1_25' title='bbox 916 616 1096 681; x_wconf 94' lang='lat' dir='ltr'><strong>hominum</strong></span> <span class='ocrx_word' id='word_1_26' title='bbox 1127 614 1211 681; x_wconf 87' lang='lat' dir='ltr'><strong>lacta</strong></span> <span class='ocrx_word' id='word_1_27' title='bbox 1243 633 1260 680; x_wconf 90' lang='lat' dir='ltr'><strong>a</strong></span> <span class='ocrx_word' id='word_1_28' title='bbox 1287 613 1376 680; x_wconf 81' lang='lat' dir='ltr'><strong>fatali</strong></span> <span class='ocrx_word' id='word_1_29' title='bbox 1402 605 1500 697; x_wconf 70' lang='lat' dir='ltr'><strong>qua·¹</strong></span> <span class='ocrx_word' id='word_1_30' title='bbox 1583 599 1602 676; x_wconf 58' lang='lat' dir='ltr'>s</span> 
     </span>
     <span class='ocr_line' id='line_1_5' title="bbox 204 709 1608 808; baseline -0.004 -16"><span class='ocrx_word' id='word_1_31' title='bbox 204 727 281 792; x_wconf 87' lang='lat' dir='ltr'><strong>dam</strong></span> <span class='ocrx_word' id='word_1_32' title='bbox 308 729 511 792; x_wconf 85' lang='lat' dir='ltr'><strong>necessitate</strong></span> <span class='ocrx_word' id='word_1_33' title='bbox 536 739 693 808; x_wconf 90' lang='lat' dir='ltr'><strong>repetere</strong></span> <span class='ocrx_word' id='word_1_34' title='bbox 717 738 871 804; x_wconf 89' lang='lat' dir='ltr'><strong>censent,</strong></span> <span class='ocrx_word' id='word_1_35' title='bbox 896 741 1020 788; x_wconf 91' lang='lat' dir='ltr'><strong>rursus</strong></span> <span class='ocrx_word' id='word_1_36' title='bbox 1031 720 1072 807; x_wconf 74' lang='grc'><strong>48)</strong></span> <span class='ocrx_word' id='word_1_37' title='bbox 1095 719 1282 790; x_wconf 82' lang='lat' dir='ltr'><strong>affirmavit</strong></span> <span class='ocrx_word' id='word_1_38' title='bbox 1306 727 1486 804; x_wconf 84' lang='lat' dir='ltr'><strong>acerrime,</strong></span> <span class='ocrx_word' id='word_1_39' title='bbox 1575 709 1608 776; x_wconf 68' lang='grc' dir='ltr'><strong>’ἶ</strong></span> 
     </span>
    </p>
   </div>
   <div class='ocr_carea' id='block_1_4' title="bbox 153 829 1608 1882">
    <p class='ocr_par' dir='ltr' id='par_1_4' title="bbox 153 829 1608 1882">
     <span class='ocr_line' id='line_1_6' title="bbox 204 829 1599 921; baseline -0.003 -21"><span class='ocrx_word' id='word_1_40' title='bbox 204 836 357 900; x_wconf 89' lang='lat' dir='ltr'><strong>etsiamsi</strong></span> <span class='ocrx_word' id='word_1_41' title='bbox 383 832 445 897; x_wconf 90' lang='lat' dir='ltr'><strong>hac</strong></span> <span class='ocrx_word' id='word_1_42' title='bbox 477 835 573 897; x_wconf 92' lang='lat' dir='ltr'><strong>inre</strong></span> <span class='ocrx_word' id='word_1_43' title='bbox 602 831 741 916; x_wconf 92' lang='lat' dir='ltr'><strong>paulum</strong></span> <span class='ocrx_word' id='word_1_44' title='bbox 769 829 1023 896; x_wconf 90' lang='lat' dir='ltr'><strong>ultramodum</strong></span> <span class='ocrx_word' id='word_1_45' title='bbox 1050 849 1274 915; x_wconf 91' lang='lat' dir='ltr'><strong>progressum</strong></span> <span class='ocrx_word' id='word_1_46' title='bbox 1301 849 1380 898; x_wconf 93' lang='lat' dir='ltr'><strong>eum</strong></span> <span class='ocrx_word' id='word_1_47' title='bbox 1406 849 1484 896; x_wconf 91' lang='lat' dir='ltr'><strong>esse</strong></span> <span class='ocrx_word' id='word_1_48' title='bbox 1540 889 1547 910; x_wconf 72' lang='lat'><strong>,</strong></span> <span class='ocrx_word' id='word_1_49' title='bbox 1575 849 1599 921; x_wconf 47' lang='grc' dir='ltr'>ο</span> 
     </span>
     <span class='ocr_line' id='line_1_7' title="bbox 153 921 1586 1024; baseline -0.003 -18"><span class='ocrx_word' id='word_1_50' title='bbox 153 963 155 976; x_wconf 90' lang='lat'><em>·</em></span> <span class='ocrx_word' id='word_1_51' title='bbox 204 940 415 1024; x_wconf 75' lang='lat' dir='ltr'><strong>arbitror.⁴⁴)</strong></span> <span class='ocrx_word' id='word_1_52' title='bbox 1156 954 1158 962; x_wconf 76' lang='grc'><em>’</em></span> <span class='ocrx_word' id='word_1_53' title='bbox 1581 921 1586 928; x_wconf 65' lang='grc'><strong><em>’</em></strong></span> 
     </span>
     <span class='ocr_line' id='line_1_8' title="bbox 294 1045 1488 1138; baseline 0 -26"><span class='ocrx_word' id='word_1_54' title='bbox 294 1047 346 1112; x_wconf 87' lang='lat' dir='ltr'><strong>Ex</strong></span> <span class='ocrx_word' id='word_1_55' title='bbox 371 1045 683 1138; x_wconf 91' lang='lat' dir='ltr'><strong>eademAeschyli</strong></span> <span class='ocrx_word' id='word_1_56' title='bbox 708 1048 883 1129; x_wconf 89' lang='lat' dir='ltr'><strong>opinione,</strong></span> <span class='ocrx_word' id='word_1_57' title='bbox 909 1062 974 1127; x_wconf 92' lang='lat' dir='ltr'><strong>qua</strong></span> <span class='ocrx_word' id='word_1_58' title='bbox 1000 1045 1158 1111; x_wconf 90' lang='lat' dir='ltr'><strong>homines</strong></span> <span class='ocrx_word' id='word_1_59' title='bbox 1192 1048 1226 1110; x_wconf 94' lang='lat' dir='ltr'><strong>in</strong></span> <span class='ocrx_word' id='word_1_60' title='bbox 1257 1064 1392 1111; x_wconf 89' lang='lat' dir='ltr'><strong>summa</strong></span> <span class='ocrx_word' id='word_1_61' title='bbox 1425 1066 1488 1112; x_wconf 91' lang='lat' dir='ltr'><strong>vo·</strong></span> 
     </span>
     <span class='ocr_line' id='line_1_9' title="bbox 191 1139 1599 1237; baseline -0.001 -18"><span class='ocrx_word' id='word_1_62' title='bbox 191 1155 345 1221; x_wconf 85' lang='lat' dir='ltr'><strong>&#39;luntatis</strong></span> <span class='ocrx_word' id='word_1_63' title='bbox 381 1158 503 1220; x_wconf 90' lang='lat' dir='ltr'><strong>insitae</strong></span> <span class='ocrx_word' id='word_1_64' title='bbox 539 1157 573 1218; x_wconf 92' lang='lat' dir='ltr'><strong>vi</strong></span> <span class='ocrx_word' id='word_1_65' title='bbox 608 1168 726 1230; x_wconf 90' lang='lat' dir='ltr'><strong>tamen</strong></span> <span class='ocrx_word' id='word_1_66' title='bbox 758 1152 866 1218; x_wconf 90' lang='lat' dir='ltr'><strong>libere</strong></span> <span class='ocrx_word' id='word_1_67' title='bbox 903 1152 1032 1217; x_wconf 92' lang='lat' dir='ltr'><strong>honum</strong></span> <span class='ocrx_word' id='word_1_68' title='bbox 1068 1151 1123 1217; x_wconf 91' lang='lat' dir='ltr'><strong>vel</strong></span> <span class='ocrx_word' id='word_1_69' title='bbox 1157 1151 1283 1216; x_wconf 91' lang='lat' dir='ltr'><strong>malum</strong></span> <span class='ocrx_word' id='word_1_70' title='bbox 1319 1168 1484 1237; x_wconf 92' lang='lat' dir='ltr'><strong>expetere</strong></span> <span class='ocrx_word' id='word_1_71' title='bbox 1587 1139 1599 1232; x_wconf 55' lang='lat' dir='ltr'><strong>sl</strong></span> 
     </span>
     <span class='ocr_line' id='line_1_10' title="bbox 204 1259 1608 1346; baseline -0.002 -18"><span class='ocrx_word' id='word_1_72' title='bbox 204 1280 309 1346; x_wconf 90' lang='lat' dir='ltr'><strong>posse</strong></span> <span class='ocrx_word' id='word_1_73' title='bbox 333 1261 505 1341; x_wconf 91' lang='lat' dir='ltr'><strong>credebat,</strong></span> <span class='ocrx_word' id='word_1_74' title='bbox 530 1259 675 1326; x_wconf 89' lang='lat' dir='ltr'><strong>fluxisse</strong></span> <span class='ocrx_word' id='word_1_75' title='bbox 700 1259 783 1325; x_wconf 95' lang='lat' dir='ltr'><strong>mihi</strong></span> <span class='ocrx_word' id='word_1_76' title='bbox 809 1262 884 1340; x_wconf 85' lang='lat' dir='ltr'><strong>ejus</strong></span> <span class='ocrx_word' id='word_1_77' title='bbox 909 1263 1077 1326; x_wconf 89' lang='lat' dir='ltr'><strong>sententia</strong></span> <span class='ocrx_word' id='word_1_78' title='bbox 1108 1260 1258 1340; x_wconf 89' lang='lat' dir='ltr'><strong>videtur,</strong></span> <span class='ocrx_word' id='word_1_79' title='bbox 1290 1278 1357 1342; x_wconf 91' lang='lat' dir='ltr'><strong>qua</strong></span> <span class='ocrx_word' id='word_1_80' title='bbox 1382 1264 1483 1326; x_wconf 90' lang='lat' dir='ltr'><strong>etiam</strong></span> <span class='ocrx_word' id='word_1_81' title='bbox 1516 1325 1521 1334; x_wconf 80' lang='grc'>,</span> <span class='ocrx_word' id='word_1_82' title='bbox 1576 1291 1577 1296; x_wconf 40' lang='lat'>1</span> <span class='ocrx_word' id='word_1_83' title='bbox 1603 1292 1608 1311; x_wconf 67' lang='lat'>2</span> 
     </span>
     <span class='ocr_line' id='line_1_11' title="bbox 204 1353 1557 1449; baseline -0.003 -14"><span class='ocrx_word' id='word_1_84' title='bbox 204 1371 442 1435; x_wconf 86' lang='lat' dir='ltr'><strong>educationem</strong></span> <span class='ocrx_word' id='word_1_85' title='bbox 469 1384 502 1435; x_wconf 90' lang='lat' dir='ltr'><strong>et</strong></span> <span class='ocrx_word' id='word_1_86' title='bbox 526 1387 587 1434; x_wconf 88' lang='lat' dir='ltr'><strong>eos</strong></span> <span class='ocrx_word' id='word_1_87' title='bbox 612 1368 782 1449; x_wconf 85' lang='lat' dir='ltr'><strong>homines,</strong></span> <span class='ocrx_word' id='word_1_88' title='bbox 807 1387 824 1432; x_wconf 92' lang='lat' dir='ltr'><strong>a</strong></span> <span class='ocrx_word' id='word_1_89' title='bbox 850 1367 977 1449; x_wconf 93' lang='lat' dir='ltr'><strong>quibus</strong></span> <span class='ocrx_word' id='word_1_90' title='bbox 1002 1369 1151 1448; x_wconf 90' lang='lat' dir='ltr'><strong>quisque</strong></span> <span class='ocrx_word' id='word_1_91' title='bbox 1183 1368 1307 1433; x_wconf 88' lang='lat' dir='ltr'><strong>cotidie</strong></span> <span class='ocrx_word' id='word_1_92' title='bbox 1338 1370 1487 1432; x_wconf 92' lang='lat' dir='ltr'><strong>circum·</strong></span> <span class='ocrx_word' id='word_1_93' title='bbox 1556 1353 1557 1358; x_wconf 57' lang='grc'>’</span> 
     </span>
     <span class='ocr_line' id='line_1_12' title="bbox 204 1477 1485 1565; baseline -0.002 -21"><span class='ocrx_word' id='word_1_94' title='bbox 204 1479 305 1544; x_wconf 90' lang='lat' dir='ltr'><strong>datur</strong></span> <span class='ocrx_word' id='word_1_95' title='bbox 330 1495 550 1560; x_wconf 91' lang='lat' dir='ltr'><strong>quorumque</strong></span> <span class='ocrx_word' id='word_1_96' title='bbox 575 1478 826 1565; x_wconf 91' lang='lat' dir='ltr'><strong>consuetudine</strong></span> <span class='ocrx_word' id='word_1_97' title='bbox 852 1478 970 1555; x_wconf 90' lang='lat' dir='ltr'><strong>utitur,</strong></span> <span class='ocrx_word' id='word_1_98' title='bbox 995 1477 1122 1541; x_wconf 93' lang='lat' dir='ltr'><strong>summi</strong></span> <span class='ocrx_word' id='word_1_99' title='bbox 1149 1478 1314 1541; x_wconf 89' lang='lat' dir='ltr'><strong>momenti</strong></span> <span class='ocrx_word' id='word_1_100' title='bbox 1340 1495 1417 1541; x_wconf 88' lang='lat' dir='ltr'><strong>esse</strong></span> <span class='ocrx_word' id='word_1_101' title='bbox 1442 1478 1485 1542; x_wconf 89' lang='lat' dir='ltr'><strong>ad</strong></span> 
     </span>
     <span class='ocr_line' id='line_1_13' title="bbox 205 1571 1605 1676; baseline -0.001 -26"><span class='ocrx_word' id='word_1_102' title='bbox 205 1604 321 1651; x_wconf 90' lang='lat' dir='ltr'><strong>mores</strong></span> <span class='ocrx_word' id='word_1_103' title='bbox 347 1586 583 1651; x_wconf 91' lang='lat' dir='ltr'><strong>emendandos</strong></span> <span class='ocrx_word' id='word_1_104' title='bbox 608 1585 662 1651; x_wconf 92' lang='lat' dir='ltr'><strong>vel</strong></span> <span class='ocrx_word' id='word_1_105' title='bbox 693 1584 955 1668; x_wconf 88' lang='lat' dir='ltr'><strong>drepravandos</strong></span> <span class='ocrx_word' id='word_1_106' title='bbox 981 1597 1107 1649; x_wconf 84' lang='lat' dir='ltr'><strong>censet.</strong></span> <span class='ocrx_word' id='word_1_107' title='bbox 1130 1664 1133 1676; x_wconf 35' lang='grc' dir='ltr'>Ι</span> <span class='ocrx_word' id='word_1_108' title='bbox 1157 1581 1210 1648; x_wconf 88' lang='lat' dir='ltr'><strong>De</strong></span> <span class='ocrx_word' id='word_1_109' title='bbox 1239 1582 1301 1649; x_wconf 91' lang='lat' dir='ltr'><strong>hac</strong></span> <span class='ocrx_word' id='word_1_110' title='bbox 1332 1602 1369 1648; x_wconf 93' lang='lat' dir='ltr'><strong>re</strong></span> <span class='ocrx_word' id='word_1_111' title='bbox 1396 1583 1484 1648; x_wconf 91' lang='lat' dir='ltr'><strong>bene</strong></span> <span class='ocrx_word' id='word_1_112' title='bbox 1574 1571 1605 1638; x_wconf 63' lang='lat'><strong>,³</strong></span> 
     </span>
     <span class='ocr_line' id='line_1_14' title="bbox 205 1688 1608 1776; baseline -0.002 -18"><span class='ocrx_word' id='word_1_113' title='bbox 205 1691 398 1772; x_wconf 88' lang='lat' dir='ltr'><strong>Wecklein,</strong></span> <span class='ocrx_word' id='word_1_114' title='bbox 426 1690 635 1776; x_wconf 91' lang='lat' dir='ltr'><strong>Aeschylus’</strong></span> <span class='ocrx_word' id='word_1_115' title='bbox 671 1690 812 1758; x_wconf 90' lang='lat' dir='ltr'><strong>Orestie</strong></span> <span class='ocrx_word' id='word_1_116' title='bbox 849 1693 909 1756; x_wconf 91' lang='lat' dir='ltr'><strong>mit</strong></span> <span class='ocrx_word' id='word_1_117' title='bbox 945 1690 1175 1757; x_wconf 77' lang='lat' dir='ltr'><strong>erklirenden</strong></span> <span class='ocrx_word' id='word_1_118' title='bbox 1209 1688 1483 1775; x_wconf 88' lang='lat' dir='ltr'><strong>Anmerkungen</strong></span> <span class='ocrx_word' id='word_1_119' title='bbox 1602 1698 1608 1709; x_wconf 87' lang='lat'>&#39;</span> 
     </span>
     <span class='ocr_line' id='line_1_15' title="bbox 208 1796 1484 1882; baseline -0.001 -19"><span class='ocrx_word' id='word_1_120' title='bbox 208 1804 292 1865; x_wconf 87' lang='grc'>1888</span> <span class='ocrx_word' id='word_1_121' title='bbox 338 1818 370 1882; x_wconf 92' lang='lat' dir='ltr'><strong>p.</strong></span> <span class='ocrx_word' id='word_1_122' title='bbox 416 1804 454 1863; x_wconf 87' lang='lat'><strong>21</strong></span> <span class='ocrx_word' id='word_1_123' title='bbox 495 1799 646 1880; x_wconf 89' lang='lat' dir='ltr'><strong>disserit,</strong></span> <span class='ocrx_word' id='word_1_124' title='bbox 689 1817 766 1864; x_wconf 93' lang='lat' dir='ltr'><strong>cum</strong></span> <span class='ocrx_word' id='word_1_125' title='bbox 812 1796 977 1864; x_wconf 90' lang='lat' dir='ltr'><strong>Orestem</strong></span> <span class='ocrx_word' id='word_1_126' title='bbox 1020 1801 1205 1863; x_wconf 91' lang='lat' dir='ltr'><strong>immanem</strong></span> <span class='ocrx_word' id='word_1_127' title='bbox 1240 1796 1331 1863; x_wconf 90' lang='lat' dir='ltr'><strong>illam</strong></span> <span class='ocrx_word' id='word_1_128' title='bbox 1367 1801 1484 1882; x_wconf 83' lang='lat' dir='ltr'><strong>generi</strong></span> 
     </span>
    </p>
   </div>
   <div class='ocr_carea' id='block_1_5' title="bbox 205 1899 1602 1994">
    <p class='ocr_par' dir='ltr' id='par_1_5' title="bbox 205 1886 1608 1994">
     <span class='ocr_line' id='line_1_16' title="bbox 205 1899 1602 1994; baseline -0.004 -23"><span class='ocrx_word' id='word_1_129' title='bbox 205 1910 354 1972; x_wconf 91' lang='lat' dir='ltr'><strong>innatam</strong></span> <span class='ocrx_word' id='word_1_130' title='bbox 381 1907 601 1989; x_wconf 87' lang='lat' dir='ltr'><strong>cupiditatem</strong></span> <span class='ocrx_word' id='word_1_131' title='bbox 627 1907 669 1971; x_wconf 91' lang='lat' dir='ltr'><strong>ad</strong></span> <span class='ocrx_word' id='word_1_132' title='bbox 691 1905 865 1986; x_wconf 91' lang='lat' dir='ltr'><strong>malitiam,</strong></span> <span class='ocrx_word' id='word_1_133' title='bbox 891 1904 1068 1985; x_wconf 91' lang='lat' dir='ltr'><strong>ultionem,</strong></span> <span class='ocrx_word' id='word_1_134' title='bbox 1093 1906 1232 1970; x_wconf 88' lang='lat' dir='ltr'><strong>caedem</strong></span> <span class='ocrx_word' id='word_1_135' title='bbox 1251 1899 1485 1985; x_wconf 87' lang='lat' dir='ltr'><strong>inclinantem,</strong></span> <span class='ocrx_word' id='word_1_136' title='bbox 1520 1989 1521 1994; x_wconf 5' lang='grc' dir='ltr'>ἵ</span> <span class='ocrx_word' id='word_1_137' title='bbox 1593 1933 1602 1964; x_wconf 83' lang='lat'><strong>-.</strong></span> 
     </span>
    </p>
   </div>
   <div class='ocr_carea' id='block_1_6' title="bbox 204 2010 1601 2849">
    <p class='ocr_par' dir='ltr' id='par_1_6' title="bbox 204 2010 1601 2849">
     <span class='ocr_line' id='line_1_17' title="bbox 204 2010 1486 2099; baseline -0.002 -20"><span class='ocrx_word' id='word_1_138' title='bbox 204 2017 258 2079; x_wconf 94' lang='lat' dir='ltr'><strong>cui</strong></span> <span class='ocrx_word' id='word_1_139' title='bbox 283 2013 325 2079; x_wconf 90' lang='lat' dir='ltr'><strong>ab</strong></span> <span class='ocrx_word' id='word_1_140' title='bbox 351 2012 527 2098; x_wconf 81' lang='lat' dir='ltr'><strong>Aeschylo</strong></span> <span class='ocrx_word' id='word_1_141' title='bbox 553 2032 679 2079; x_wconf 95' lang='lat' dir='ltr'><strong>nomen</strong></span> <span class='ocrx_word' id='word_1_142' title='bbox 706 2013 852 2078; x_wconf 91' lang='lat' dir='ltr'><strong>inditum</strong></span> <span class='ocrx_word' id='word_1_143' title='bbox 878 2027 941 2092; x_wconf 91' lang='lat' dir='ltr'><strong>est,</strong></span> <span class='ocrx_word' id='word_1_144' title='bbox 973 2028 1103 2099; x_wconf 70' lang='grc' dir='ltr'>λλοοοορ,</span> <span class='ocrx_word' id='word_1_145' title='bbox 1139 2031 1179 2078; x_wconf 91' lang='lat' dir='ltr'><strong>eo</strong></span> <span class='ocrx_word' id='word_1_146' title='bbox 1204 2014 1293 2078; x_wconf 90' lang='lat' dir='ltr'><strong>dicat</strong></span> <span class='ocrx_word' id='word_1_147' title='bbox 1310 2010 1486 2096; x_wconf 84' lang='lat' dir='ltr'><strong>effugisse,</strong></span> 
     </span>
     <span class='ocr_line' id='line_1_18' title="bbox 205 2119 1483 2205; baseline -0.002 -19"><span class='ocrx_word' id='word_1_148' title='bbox 205 2123 298 2204; x_wconf 91' lang='lat' dir='ltr'><strong>quod</strong></span> <span class='ocrx_word' id='word_1_149' title='bbox 323 2124 388 2186; x_wconf 90' lang='lat' dir='ltr'><strong>iam</strong></span> <span class='ocrx_word' id='word_1_150' title='bbox 415 2140 502 2205; x_wconf 91' lang='lat' dir='ltr'><strong>puer</strong></span> <span class='ocrx_word' id='word_1_151' title='bbox 527 2140 570 2186; x_wconf 93' lang='lat' dir='ltr'><strong>ex</strong></span> <span class='ocrx_word' id='word_1_152' title='bbox 595 2123 789 2204; x_wconf 90' lang='lat' dir='ltr'><strong>parentium</strong></span> <span class='ocrx_word' id='word_1_153' title='bbox 815 2122 919 2186; x_wconf 91' lang='lat' dir='ltr'><strong>domo</strong></span> <span class='ocrx_word' id='word_1_154' title='bbox 945 2119 1101 2186; x_wconf 90' lang='lat' dir='ltr'><strong>sublatus</strong></span> <span class='ocrx_word' id='word_1_155' title='bbox 1125 2135 1159 2185; x_wconf 90' lang='lat' dir='ltr'><strong>et</strong></span> <span class='ocrx_word' id='word_1_156' title='bbox 1182 2138 1292 2204; x_wconf 89' lang='lat' dir='ltr'><strong>prope</strong></span> <span class='ocrx_word' id='word_1_157' title='bbox 1317 2119 1483 2204; x_wconf 90' lang='lat' dir='ltr'><strong>templum</strong></span> 
     </span>
     <span class='ocr_line' id='line_1_19' title="bbox 206 2226 1601 2320; baseline -0.003 -26"><span class='ocrx_word' id='word_1_158' title='bbox 206 2227 379 2313; x_wconf 84' lang='lat' dir='ltr'><strong>Apollinis</strong></span> <span class='ocrx_word' id='word_1_159' title='bbox 410 2227 568 2311; x_wconf 91' lang='lat' dir='ltr'><strong>Delphici</strong></span> <span class='ocrx_word' id='word_1_160' title='bbox 605 2243 638 2293; x_wconf 91' lang='lat' dir='ltr'><strong>et</strong></span> <span class='ocrx_word' id='word_1_161' title='bbox 673 2228 745 2293; x_wconf 92' lang='lat' dir='ltr'><strong>loca</strong></span> <span class='ocrx_word' id='word_1_162' title='bbox 771 2228 826 2293; x_wconf 89' lang='lat' dir='ltr'><strong>illa</strong></span> <span class='ocrx_word' id='word_1_163' title='bbox 851 2230 1038 2294; x_wconf 88' lang='lat' dir='ltr'><strong>sanctitatis</strong></span> <span class='ocrx_word' id='word_1_164' title='bbox 1067 2226 1167 2311; x_wconf 91' lang='lat' dir='ltr'><strong>plena</strong></span> <span class='ocrx_word' id='word_1_165' title='bbox 1192 2227 1357 2292; x_wconf 88' lang='lat' dir='ltr'><strong>educatus</strong></span> <span class='ocrx_word' id='word_1_166' title='bbox 1382 2240 1484 2291; x_wconf 89' lang='lat' dir='ltr'><strong>esset.</strong></span> <span class='ocrx_word' id='word_1_167' title='bbox 1600 2313 1601 2320; x_wconf 6' lang='grc' dir='ltr'>ἵ</span> 
     </span>
     <span class='ocr_line' id='line_1_20' title="bbox 205 2333 1601 2424; baseline -0.004 -21"><span class='ocrx_word' id='word_1_168' title='bbox 205 2333 264 2403; x_wconf 82' lang='lat' dir='ltr'><strong>Cf</strong></span> <span class='ocrx_word' id='word_1_169' title='bbox 290 2333 452 2420; x_wconf 73' lang='lat' dir='ltr'><strong>Chsseph.</strong></span> <span class='ocrx_word' id='word_1_170' title='bbox 477 2341 542 2401; x_wconf 80' lang='lat'><strong>692</strong></span> <span class='ocrx_word' id='word_1_171' title='bbox 558 2353 601 2402; x_wconf 78' lang='grc' dir='ltr'><strong>καὶ</strong></span> <span class='ocrx_word' id='word_1_172' title='bbox 621 2348 909 2424; x_wconf 69' lang='grc' dir='ltr'>νῠν“’λλρέοτης,ἧγὰρ</span> <span class='ocrx_word' id='word_1_173' title='bbox 924 2350 1056 2418; x_wconf 71' lang='grc' dir='ltr'>εὐβούλως</span> <span class='ocrx_word' id='word_1_174' title='bbox 1069 2349 1143 2419; x_wconf 79' lang='grc' dir='ltr'>ἔχων,</span> <span class='ocrx_word' id='word_1_175' title='bbox 1162 2348 1212 2413; x_wconf 78' lang='grc' dir='ltr'><strong>ἔξω</strong></span> <span class='ocrx_word' id='word_1_176' title='bbox 1230 2348 1343 2419; x_wconf 74' lang='grc' dir='ltr'>κομίζων</span> <span class='ocrx_word' id='word_1_177' title='bbox 1361 2347 1486 2418; x_wconf 66' lang='grc' dir='ltr'>ὀλεθρίου</span> <span class='ocrx_word' id='word_1_178' title='bbox 1566 2405 1569 2412; x_wconf 70' lang='lat'><strong>,</strong></span> <span class='ocrx_word' id='word_1_179' title='bbox 1600 2341 1601 2350; x_wconf 37' lang='lat'>¹</span> 
     </span>
     <span class='ocr_line' id='line_1_21' title="bbox 205 2440 1601 2532; baseline -0.005 -22"><span class='ocrx_word' id='word_1_180' title='bbox 205 2459 293 2532; x_wconf 74' lang='grc' dir='ltr'>οηλοο</span> <span class='ocrx_word' id='word_1_181' title='bbox 314 2457 380 2510; x_wconf 64' lang='lat' dir='ltr'><strong>lata.</strong></span> <span class='ocrx_word' id='word_1_182' title='bbox 398 2441 505 2527; x_wconf 57' lang='lat' dir='ltr'><strong>affl)</strong></span> <span class='ocrx_word' id='word_1_183' title='bbox 554 2442 668 2526; x_wconf 84' lang='lat' dir='ltr'><strong>Atque</strong></span> <span class='ocrx_word' id='word_1_184' title='bbox 694 2442 921 2528; x_wconf 89' lang='lat' dir='ltr'><strong>Aeschylum,</strong></span> <span class='ocrx_word' id='word_1_185' title='bbox 946 2445 1079 2509; x_wconf 89' lang='lat' dir='ltr'><strong>etiamsi</strong></span> <span class='ocrx_word' id='word_1_186' title='bbox 1105 2459 1260 2526; x_wconf 88' lang='lat' dir='ltr'><strong>magnam</strong></span> <span class='ocrx_word' id='word_1_187' title='bbox 1287 2440 1378 2506; x_wconf 89' lang='lat' dir='ltr'><strong>illam</strong></span> <span class='ocrx_word' id='word_1_188' title='bbox 1404 2441 1487 2505; x_wconf 92' lang='lat' dir='ltr'><strong>hor·</strong></span> <span class='ocrx_word' id='word_1_189' title='bbox 1600 2452 1601 2462; x_wconf 57' lang='lat'>¹</span> 
     </span>
     <span class='ocr_line' id='line_1_22' title="bbox 205 2545 1483 2633; baseline -0.003 -18"><span class='ocrx_word' id='word_1_190' title='bbox 205 2550 411 2633; x_wconf 91' lang='lat' dir='ltr'><strong>ribilemque</strong></span> <span class='ocrx_word' id='word_1_191' title='bbox 446 2550 524 2615; x_wconf 90' lang='lat' dir='ltr'><strong>mali</strong></span> <span class='ocrx_word' id='word_1_192' title='bbox 560 2545 806 2616; x_wconf 83' lang='lat' dir='ltr'><strong>in&#39;hominum</strong></span> <span class='ocrx_word' id='word_1_193' title='bbox 841 2554 910 2616; x_wconf 90' lang='lat' dir='ltr'><strong>vita</strong></span> <span class='ocrx_word' id='word_1_194' title='bbox 945 2553 1015 2616; x_wconf 94' lang='lat' dir='ltr'><strong>vim</strong></span> <span class='ocrx_word' id='word_1_195' title='bbox 1051 2565 1084 2615; x_wconf 92' lang='lat' dir='ltr'><strong>et</strong></span> <span class='ocrx_word' id='word_1_196' title='bbox 1118 2551 1305 2633; x_wconf 88' lang='lat' dir='ltr'><strong>potentiam</strong></span> <span class='ocrx_word' id='word_1_197' title='bbox 1339 2566 1415 2613; x_wconf 94' lang='lat' dir='ltr'><strong>cum</strong></span> <span class='ocrx_word' id='word_1_198' title='bbox 1450 2550 1483 2611; x_wconf 91' lang='lat' dir='ltr'><strong>in</strong></span> 
     </span>
     <span class='ocr_line' id='line_1_23' title="bbox 205 2656 1486 2743; baseline -0.003 -20"><span class='ocrx_word' id='word_1_199' title='bbox 205 2656 343 2743; x_wconf 87' lang='lat' dir='ltr'><strong>Septem</strong></span> <span class='ocrx_word' id='word_1_200' title='bbox 370 2660 515 2740; x_wconf 90' lang='lat' dir='ltr'><strong>aliisque</strong></span> <span class='ocrx_word' id='word_1_201' title='bbox 547 2658 630 2724; x_wconf 93' lang='lat' dir='ltr'><strong>locis</strong></span> <span class='ocrx_word' id='word_1_202' title='bbox 666 2673 736 2722; x_wconf 92' lang='lat' dir='ltr'><strong>tum</strong></span> <span class='ocrx_word' id='word_1_203' title='bbox 769 2661 802 2723; x_wconf 94' lang='lat' dir='ltr'><strong>in</strong></span> <span class='ocrx_word' id='word_1_204' title='bbox 838 2656 980 2724; x_wconf 89' lang='lat' dir='ltr'><strong>Orestia</strong></span> <span class='ocrx_word' id='word_1_205' title='bbox 1019 2656 1176 2737; x_wconf 89' lang='lat' dir='ltr'><strong>illustrat,</strong></span> <span class='ocrx_word' id='word_1_206' title='bbox 1218 2670 1331 2721; x_wconf 91' lang='lat' dir='ltr'><strong>tamen</strong></span> <span class='ocrx_word' id='word_1_207' title='bbox 1365 2658 1486 2720; x_wconf 83' lang='lat' dir='ltr'><strong>trium·</strong></span> 
     </span>
     <span class='ocr_line' id='line_1_24' title="bbox 205 2762 1486 2849; baseline -0.001 -20"><span class='ocrx_word' id='word_1_208' title='bbox 205 2766 312 2849; x_wconf 85' lang='lat' dir='ltr'><strong>phare</strong></span> <span class='ocrx_word' id='word_1_209' title='bbox 337 2767 473 2831; x_wconf 88' lang='lat' dir='ltr'><strong>tandem</strong></span> <span class='ocrx_word' id='word_1_210' title='bbox 501 2766 630 2831; x_wconf 93' lang='lat' dir='ltr'><strong>bonum</strong></span> <span class='ocrx_word' id='word_1_211' title='bbox 656 2767 699 2830; x_wconf 90' lang='lat' dir='ltr'><strong>de</strong></span> <span class='ocrx_word' id='word_1_212' title='bbox 724 2765 813 2830; x_wconf 92' lang='lat' dir='ltr'><strong>malo</strong></span> <span class='ocrx_word' id='word_1_213' title='bbox 838 2767 1058 2831; x_wconf 86' lang='lat' dir='ltr'><strong>existimasse</strong></span> <span class='ocrx_word' id='word_1_214' title='bbox 1083 2762 1266 2830; x_wconf 86' lang='lat' dir='ltr'><strong>manifesto</strong></span> <span class='ocrx_word' id='word_1_215' title='bbox 1289 2782 1334 2829; x_wconf 92' lang='lat' dir='ltr'><strong>ex</strong></span> <span class='ocrx_word' id='word_1_216' title='bbox 1360 2763 1486 2828; x_wconf 87' lang='lat' dir='ltr'><strong>Eume-</strong></span> 
     </span>
    </p>
   </div>
   <div class='ocr_carea' id='block_1_7' title="bbox 205 2855 1603 2958">
    <p class='ocr_par' dir='ltr' id='par_1_7' title="bbox 205 2855 1603 2958">
     <span class='ocr_line' id='line_1_25' title="bbox 205 2855 1603 2958; baseline -0.003 -21"><span class='ocrx_word' id='word_1_217' title='bbox 205 2874 324 2938; x_wconf 91' lang='lat' dir='ltr'><strong>nidum</strong></span> <span class='ocrx_word' id='word_1_218' title='bbox 359 2872 471 2938; x_wconf 87' lang='lat' dir='ltr'><strong>lahula</strong></span> <span class='ocrx_word' id='word_1_219' title='bbox 501 2876 660 2958; x_wconf 86' lang='lat' dir='ltr'><strong>cognosci</strong></span> <span class='ocrx_word' id='word_1_220' title='bbox 695 2892 798 2956; x_wconf 91' lang='lat' dir='ltr'><strong>posse</strong></span> <span class='ocrx_word' id='word_1_221' title='bbox 830 2872 989 2938; x_wconf 90' lang='lat' dir='ltr'><strong>arbitror.</strong></span> <span class='ocrx_word' id='word_1_222' title='bbox 1045 2872 1179 2938; x_wconf 87' lang='lat' dir='ltr'><strong>Etenim</strong></span> <span class='ocrx_word' id='word_1_223' title='bbox 1211 2889 1289 2936; x_wconf 95' lang='lat' dir='ltr'><strong>cum</strong></span> <span class='ocrx_word' id='word_1_224' title='bbox 1323 2886 1421 2955; x_wconf 88' lang='lat' dir='ltr'><strong>poeta</strong></span> <span class='ocrx_word' id='word_1_225' title='bbox 1451 2873 1484 2935; x_wconf 93' lang='lat' dir='ltr'><strong>in</strong></span> <span class='ocrx_word' id='word_1_226' title='bbox 1581 2855 1603 2896; x_wconf 59' lang='lat'>⁸</span> 
     </span>
    </p>
   </div>
   <div class='ocr_carea' id='block_1_8' title="bbox 203 2976 1487 4676">
    <p class='ocr_par' dir='ltr' id='par_1_8' title="bbox 203 2976 1487 4676">
     <span class='ocr_line' id='line_1_26' title="bbox 206 2976 1485 3065; baseline -0.002 -22"><span class='ocrx_word' id='word_1_227' title='bbox 206 2978 326 3064; x_wconf 86' lang='lat' dir='ltr'><strong>Agam.</strong></span> <span class='ocrx_word' id='word_1_228' title='bbox 358 2980 503 3045; x_wconf 93' lang='lat' dir='ltr'><strong>chorum</strong></span> <span class='ocrx_word' id='word_1_229' title='bbox 540 2994 591 3046; x_wconf 93' lang='lat' dir='ltr'><strong>ter</strong></span> <span class='ocrx_word' id='word_1_230' title='bbox 622 2978 669 3065; x_wconf 87' lang='lat' dir='ltr'><strong>(v.</strong></span> <span class='ocrx_word' id='word_1_231' title='bbox 709 2985 780 3061; x_wconf 81' lang='lat'><strong>124,</strong></span> <span class='ocrx_word' id='word_1_232' title='bbox 819 2985 890 3061; x_wconf 83' lang='lat'><strong>145,</strong></span> <span class='ocrx_word' id='word_1_233' title='bbox 926 2978 1001 3064; x_wconf 80' lang='lat'>169)</span> <span class='ocrx_word' id='word_1_234' title='bbox 1038 2978 1286 3044; x_wconf 89' lang='lat' dir='ltr'><strong>exclamantem</strong></span> <span class='ocrx_word' id='word_1_235' title='bbox 1329 2976 1485 3043; x_wconf 87' lang='lat' dir='ltr'><strong>lecisset:</strong></span> 
     </span>
     <span class='ocr_line' id='line_1_27' title="bbox 204 3082 1487 3171; baseline -0.003 -19"><span class='ocrx_word' id='word_1_236' title='bbox 204 3099 301 3153; x_wconf 70' lang='grc' dir='ltr'>αἴλινον</span> <span class='ocrx_word' id='word_1_237' title='bbox 320 3100 417 3153; x_wconf 74' lang='grc' dir='ltr'>αἴλινον</span> <span class='ocrx_word' id='word_1_238' title='bbox 447 3100 509 3165; x_wconf 76' lang='grc' dir='ltr'><strong>εἶπέ,</strong></span> <span class='ocrx_word' id='word_1_239' title='bbox 528 3104 555 3153; x_wconf 81' lang='lat' dir='ltr'><strong>ch</strong></span> <span class='ocrx_word' id='word_1_240' title='bbox 575 3099 627 3154; x_wconf 72' lang='lat' dir='ltr'><strong>i’ei</strong></span> <span class='ocrx_word' id='word_1_241' title='bbox 646 3104 740 3154; x_wconf 77' lang='grc' dir='ltr'>νικάτω</span> <span class='ocrx_word' id='word_1_242' title='bbox 764 3103 797 3152; x_wconf 76' lang='lat' dir='ltr'><strong>el</strong></span> <span class='ocrx_word' id='word_1_243' title='bbox 822 3105 944 3153; x_wconf 71' lang='lat' dir='ltr'><strong>l&#39;eVel&#39;ss</strong></span> <span class='ocrx_word' id='word_1_244' title='bbox 966 3090 1076 3168; x_wconf 69' lang='lat' dir='ltr'><strong>plima</strong></span> <span class='ocrx_word' id='word_1_245' title='bbox 1095 3085 1248 3171; x_wconf 68' lang='lat' dir='ltr'><strong>[slloglae</strong></span> <span class='ocrx_word' id='word_1_246' title='bbox 1266 3084 1379 3150; x_wconf 70' lang='lat' dir='ltr'><strong>fabula</strong></span> <span class='ocrx_word' id='word_1_247' title='bbox 1397 3082 1487 3168; x_wconf 71' lang='lat' dir='ltr'><strong>Aga·</strong></span> 
     </span>
     <span class='ocr_line' id='line_1_28' title="bbox 206 3192 1484 3278; baseline -0.001 -21"><span class='ocrx_word' id='word_1_248' title='bbox 206 3197 401 3259; x_wconf 91' lang='lat' dir='ltr'><strong>memnonis</strong></span> <span class='ocrx_word' id='word_1_249' title='bbox 427 3213 509 3260; x_wconf 92' lang='lat' dir='ltr'><strong>nece</strong></span> <span class='ocrx_word' id='word_1_250' title='bbox 541 3213 579 3259; x_wconf 90' lang='lat' dir='ltr'><strong>ac</strong></span> <span class='ocrx_word' id='word_1_251' title='bbox 610 3194 760 3259; x_wconf 91' lang='lat' dir='ltr'><strong>secunda</strong></span> <span class='ocrx_word' id='word_1_252' title='bbox 791 3192 903 3259; x_wconf 87' lang='lat' dir='ltr'><strong>iabula</strong></span> <span class='ocrx_word' id='word_1_253' title='bbox 936 3192 1216 3278; x_wconf 83' lang='lat' dir='ltr'><strong>Clytaemestrae</strong></span> <span class='ocrx_word' id='word_1_254' title='bbox 1246 3194 1350 3258; x_wconf 91' lang='lat' dir='ltr'><strong>caede</strong></span> <span class='ocrx_word' id='word_1_255' title='bbox 1386 3195 1484 3274; x_wconf 90' lang='lat' dir='ltr'><strong>quasi</strong></span> 
     </span>
     <span class='ocr_line' id='line_1_29' title="bbox 206 3299 1484 3383; baseline -0.001 -19"><span class='ocrx_word' id='word_1_256' title='bbox 206 3303 402 3367; x_wconf 79' lang='lat' dir='ltr'><strong>tristissima</strong></span> <span class='ocrx_word' id='word_1_257' title='bbox 429 3301 483 3367; x_wconf 89' lang='lat' dir='ltr'><strong>illa</strong></span> <span class='ocrx_word' id='word_1_258' title='bbox 509 3320 606 3382; x_wconf 90' lang='lat' dir='ltr'><strong>voce,</strong></span> <span class='ocrx_word' id='word_1_259' title='bbox 630 3315 734 3368; x_wconf 66' lang='grc' dir='ltr'>ολλοοο</span> <span class='ocrx_word' id='word_1_260' title='bbox 753 3305 992 3383; x_wconf 86' lang='lat' dir='ltr'><strong>terminantur,</strong></span> <span class='ocrx_word' id='word_1_261' title='bbox 1018 3304 1051 3366; x_wconf 95' lang='lat' dir='ltr'><strong>in</strong></span> <span class='ocrx_word' id='word_1_262' title='bbox 1070 3300 1137 3366; x_wconf 83' lang='lat' dir='ltr'><strong>line</strong></span> <span class='ocrx_word' id='word_1_263' title='bbox 1156 3299 1400 3380; x_wconf 90' lang='lat' dir='ltr'><strong>Eumenidum,</strong></span> <span class='ocrx_word' id='word_1_264' title='bbox 1427 3299 1484 3363; x_wconf 91' lang='lat' dir='ltr'><strong>ubi</strong></span> 
     </span>
     <span class='ocr_line' id='line_1_30' title="bbox 205 3407 1485 3493; baseline -0.001 -21"><span class='ocrx_word' id='word_1_265' title='bbox 205 3407 311 3472; x_wconf 91' lang='lat' dir='ltr'><strong>verba</strong></span> <span class='ocrx_word' id='word_1_266' title='bbox 337 3411 464 3492; x_wconf 92' lang='lat' dir='ltr'><strong>scripta</strong></span> <span class='ocrx_word' id='word_1_267' title='bbox 494 3410 640 3493; x_wconf 91' lang='lat' dir='ltr'><strong>legimus</strong></span> <span class='ocrx_word' id='word_1_268' title='bbox 671 3427 826 3474; x_wconf 93' lang='lat' dir='ltr'><strong>summae</strong></span> <span class='ocrx_word' id='word_1_269' title='bbox 852 3408 998 3474; x_wconf 89' lang='lat' dir='ltr'><strong>laetitiae</strong></span> <span class='ocrx_word' id='word_1_270' title='bbox 1022 3408 1140 3493; x_wconf 90' lang='lat' dir='ltr'><strong>plena:</strong></span> <span class='ocrx_word' id='word_1_271' title='bbox 1184 3421 1325 3486; x_wconf 66' lang='grc' dir='ltr'>λλολοξοοο</span> <span class='ocrx_word' id='word_1_272' title='bbox 1369 3430 1409 3472; x_wconf 73' lang='grc' dir='ltr'>νον</span> <span class='ocrx_word' id='word_1_273' title='bbox 1446 3421 1485 3471; x_wconf 62' lang='grc' dir='ltr'><strong>ἑοὶ</strong></span> 
     </span>
     <span class='ocr_line' id='line_1_31' title="bbox 205 3513 1485 3604; baseline -0.002 -24"><span class='ocrx_word' id='word_1_274' title='bbox 205 3529 318 3598; x_wconf 77' lang='grc' dir='ltr'>μολπαῖς</span> <span class='ocrx_word' id='word_1_275' title='bbox 345 3519 439 3596; x_wconf 76' lang='lat'><strong>1044,</strong></span> <span class='ocrx_word' id='word_1_276' title='bbox 469 3520 553 3580; x_wconf 84' lang='lat'>1048</span> <span class='ocrx_word' id='word_1_277' title='bbox 577 3531 610 3581; x_wconf 76' lang='lat' dir='ltr'><strong>el</strong></span> <span class='ocrx_word' id='word_1_278' title='bbox 634 3531 776 3604; x_wconf 72' lang='grc' dir='ltr'>εἶλφημεῖτε</span> <span class='ocrx_word' id='word_1_279' title='bbox 796 3531 822 3583; x_wconf 77' lang='grc' dir='ltr'><strong>δὲ</strong></span> <span class='ocrx_word' id='word_1_280' title='bbox 843 3531 955 3602; x_wconf 79' lang='grc' dir='ltr'>πανδαμὶ</span> <span class='ocrx_word' id='word_1_281' title='bbox 988 3521 1082 3597; x_wconf 80' lang='lat'><strong>1040,</strong></span> <span class='ocrx_word' id='word_1_282' title='bbox 1105 3530 1277 3597; x_wconf 73' lang='lat' dir='ltr'><strong>tamquam</strong></span> <span class='ocrx_word' id='word_1_283' title='bbox 1297 3513 1485 3579; x_wconf 84' lang='lat' dir='ltr'><strong>subaudire</strong></span> 
     </span>
     <span class='ocr_line' id='line_1_32' title="bbox 204 3620 1485 3708; baseline -0.002 -22"><span class='ocrx_word' id='word_1_284' title='bbox 204 3622 367 3686; x_wconf 91' lang='lat' dir='ltr'><strong>videmur</strong></span> <span class='ocrx_word' id='word_1_285' title='bbox 391 3637 428 3687; x_wconf 95' lang='lat' dir='ltr'><strong>ut</strong></span> <span class='ocrx_word' id='word_1_286' title='bbox 451 3620 585 3689; x_wconf 84' lang='lat' dir='ltr'><strong>fabulae</strong></span> <span class='ocrx_word' id='word_1_287' title='bbox 602 3642 770 3707; x_wconf 89' lang='lat' dir='ltr'><strong>personas</strong></span> <span class='ocrx_word' id='word_1_288' title='bbox 788 3627 831 3689; x_wconf 90' lang='lat' dir='ltr'><strong>ita</strong></span> <span class='ocrx_word' id='word_1_289' title='bbox 850 3622 1068 3708; x_wconf 71' lang='lat' dir='ltr'><strong>Aeschylum¹</strong></span> <span class='ocrx_word' id='word_1_290' title='bbox 1085 3627 1198 3708; x_wconf 94' lang='lat' dir='ltr'><strong>ipsum</strong></span> <span class='ocrx_word' id='word_1_291' title='bbox 1217 3621 1485 3688; x_wconf 89' lang='lat' dir='ltr'><strong>exclamantem:</strong></span> 
     </span>
     <span class='ocr_line' id='line_1_33' title="bbox 206 3727 1486 3814; baseline -0.003 -19"><span class='ocrx_word' id='word_1_292' title='bbox 206 3729 344 3795; x_wconf 89' lang='lat' dir='ltr'><strong>Bonum</strong></span> <span class='ocrx_word' id='word_1_293' title='bbox 374 3730 517 3814; x_wconf 80' lang='lat' dir='ltr'><strong>vicit.⁴⁶)</strong></span> <span class='ocrx_word' id='word_1_294' title='bbox 571 3727 679 3812; x_wconf 90' lang='lat' dir='ltr'><strong>Quod</strong></span> <span class='ocrx_word' id='word_1_295' title='bbox 711 3731 840 3796; x_wconf 93' lang='lat' dir='ltr'><strong>bonum</strong></span> <span class='ocrx_word' id='word_1_296' title='bbox 870 3731 926 3797; x_wconf 91' lang='lat' dir='ltr'><strong>vel</strong></span> <span class='ocrx_word' id='word_1_297' title='bbox 958 3734 1073 3814; x_wconf 89' lang='lat' dir='ltr'><strong>potius</strong></span> <span class='ocrx_word' id='word_1_298' title='bbox 1105 3731 1229 3796; x_wconf 89' lang='lat' dir='ltr'><strong>bonam</strong></span> <span class='ocrx_word' id='word_1_299' title='bbox 1259 3728 1486 3808; x_wconf 92' lang='lat' dir='ltr'><strong>voluntatem,</strong></span> 
     </span>
     <span class='ocr_line' id='line_1_34' title="bbox 204 3837 1485 3923; baseline -0.002 -22"><span class='ocrx_word' id='word_1_300' title='bbox 204 3840 365 3920; x_wconf 93' lang='lat' dir='ltr'><strong>quamvis</strong></span> <span class='ocrx_word' id='word_1_301' title='bbox 389 3856 463 3903; x_wconf 91' lang='lat' dir='ltr'><strong>eam</strong></span> <span class='ocrx_word' id='word_1_302' title='bbox 490 3856 638 3922; x_wconf 90' lang='lat' dir='ltr'><strong>prosper</strong></span> <span class='ocrx_word' id='word_1_303' title='bbox 662 3837 862 3923; x_wconf 73' lang='lat' dir='ltr'><strong>eventus⁴⁷l</strong></span> <span class='ocrx_word' id='word_1_304' title='bbox 887 3854 1054 3905; x_wconf 91' lang='lat' dir='ltr'><strong>externus</strong></span> <span class='ocrx_word' id='word_1_305' title='bbox 1077 3857 1146 3903; x_wconf 92' lang='lat' dir='ltr'><strong>non</strong></span> <span class='ocrx_word' id='word_1_306' title='bbox 1179 3850 1355 3922; x_wconf 89' lang='lat' dir='ltr'><strong>sequatur,</strong></span> <span class='ocrx_word' id='word_1_307' title='bbox 1386 3852 1485 3919; x_wconf 89' lang='lat' dir='ltr'><strong>poeta</strong></span> 
     </span>
     <span class='ocr_line' id='line_1_35' title="bbox 205 3943 1487 4031; baseline -0.001 -23"><span class='ocrx_word' id='word_1_308' title='bbox 205 3959 324 4009; x_wconf 90' lang='lat' dir='ltr'><strong>noster</strong></span> <span class='ocrx_word' id='word_1_309' title='bbox 355 3983 398 3990; x_wconf 86' lang='lat'><strong>--</strong></span> <span class='ocrx_word' id='word_1_310' title='bbox 429 3945 491 4010; x_wconf 93' lang='lat' dir='ltr'><strong>hac</strong></span> <span class='ocrx_word' id='word_1_311' title='bbox 521 3948 554 4010; x_wconf 96' lang='lat' dir='ltr'><strong>in</strong></span> <span class='ocrx_word' id='word_1_312' title='bbox 589 3965 632 4031; x_wconf 87' lang='lat' dir='ltr'><strong>re</strong></span> <span class='ocrx_word' id='word_1_313' title='bbox 660 3965 727 4012; x_wconf 92' lang='lat' dir='ltr'><strong>non</strong></span> <span class='ocrx_word' id='word_1_314' title='bbox 758 3945 938 4011; x_wconf 91' lang='lat' dir='ltr'><strong>dissimilis</strong></span> <span class='ocrx_word' id='word_1_315' title='bbox 967 3963 1106 4010; x_wconf 94' lang='lat' dir='ltr'><strong>summo</strong></span> <span class='ocrx_word' id='word_1_316' title='bbox 1137 3947 1342 4009; x_wconf 88' lang='lat' dir='ltr'><strong>nostratium</strong></span> <span class='ocrx_word' id='word_1_317' title='bbox 1375 3943 1487 4027; x_wconf 93' lang='lat' dir='ltr'><strong>philo-</strong></span> 
     </span>
     <span class='ocr_line' id='line_1_36' title="bbox 205 4050 1486 4138; baseline 0.001 -24"><span class='ocrx_word' id='word_1_318' title='bbox 205 4051 315 4134; x_wconf 91' lang='lat' dir='ltr'><strong>sopho</strong></span> <span class='ocrx_word' id='word_1_319' title='bbox 343 4050 468 4118; x_wconf 89' lang='lat' dir='ltr'><strong>Kantio</strong></span> <span class='ocrx_word' id='word_1_320' title='bbox 492 4091 536 4097; x_wconf 90' lang='lat'><em>-</em></span> <span class='ocrx_word' id='word_1_321' title='bbox 560 4058 677 4138; x_wconf 88' lang='lat' dir='ltr'><strong>quanti</strong></span> <span class='ocrx_word' id='word_1_322' title='bbox 702 4055 947 4134; x_wconf 87' lang='lat' dir='ltr'><strong>aestimaverit,</strong></span> <span class='ocrx_word' id='word_1_323' title='bbox 981 4071 1025 4118; x_wconf 92' lang='lat' dir='ltr'><strong>ex</strong></span> <span class='ocrx_word' id='word_1_324' title='bbox 1054 4052 1210 4134; x_wconf 85' lang='lat' dir='ltr'><strong>ejusdem</strong></span> <span class='ocrx_word' id='word_1_325' title='bbox 1245 4050 1378 4116; x_wconf 81' lang='lat' dir='ltr'><strong>fabulae</strong></span> <span class='ocrx_word' id='word_1_326' title='bbox 1407 4069 1486 4116; x_wconf 93' lang='lat' dir='ltr'><strong>ver-</strong></span> 
     </span>
     <span class='ocr_line' id='line_1_37' title="bbox 205 4157 1486 4246; baseline 0 -25"><span class='ocrx_word' id='word_1_327' title='bbox 205 4157 302 4222; x_wconf 91' lang='lat' dir='ltr'><strong>sibus</strong></span> <span class='ocrx_word' id='word_1_328' title='bbox 328 4158 442 4242; x_wconf 88' lang='lat' dir='ltr'><strong>(Eum.</strong></span> <span class='ocrx_word' id='word_1_329' title='bbox 469 4178 544 4244; x_wconf 89' lang='lat' dir='ltr'><strong>sqq.</strong></span> <span class='ocrx_word' id='word_1_330' title='bbox 571 4160 649 4246; x_wconf 81' lang='lat'>553)</span> <span class='ocrx_word' id='word_1_331' title='bbox 680 4160 777 4227; x_wconf 85' lang='lat' dir='ltr'><strong>facile</strong></span> <span class='ocrx_word' id='word_1_332' title='bbox 802 4160 1020 4246; x_wconf 86' lang='lat' dir='ltr'><strong>intelligitur:</strong></span> <span class='ocrx_word' id='word_1_333' title='bbox 1061 4177 1126 4227; x_wconf 71' lang='grc' dir='ltr'>ἑκὼν</span> <span class='ocrx_word' id='word_1_334' title='bbox 1149 4174 1288 4243; x_wconf 68' lang='grc' dir='ltr'>λὀοολγνος</span> <span class='ocrx_word' id='word_1_335' title='bbox 1307 4172 1367 4244; x_wconf 66' lang='grc' dir='ltr'>ἄτερ</span> <span class='ocrx_word' id='word_1_336' title='bbox 1387 4172 1486 4232; x_wconf 57' lang='lat' dir='ltr'><strong>tum</strong></span> 
     </span>
     <span class='ocr_line' id='line_1_38' title="bbox 204 4265 1486 4356; baseline -0.002 -26"><span class='ocrx_word' id='word_1_337' title='bbox 204 4280 239 4330; x_wconf 77' lang='grc' dir='ltr'><strong>ὢν</strong></span> <span class='ocrx_word' id='word_1_338' title='bbox 259 4280 304 4332; x_wconf 76' lang='grc' dir='ltr'>οὒκ</span> <span class='ocrx_word' id='word_1_339' title='bbox 324 4280 436 4350; x_wconf 75' lang='grc' dir='ltr'>ἄνολβος</span> <span class='ocrx_word' id='word_1_340' title='bbox 455 4282 536 4335; x_wconf 77' lang='grc' dir='ltr'>ἔσται·</span> <span class='ocrx_word' id='word_1_341' title='bbox 556 4283 726 4356; x_wconf 76' lang='grc' dir='ltr'>πανώλεθρος</span> <span class='ocrx_word' id='word_1_342' title='bbox 739 4282 850 4336; x_wconf 81' lang='grc' dir='ltr'>δὀὔποτ’</span> <span class='ocrx_word' id='word_1_343' title='bbox 873 4285 903 4335; x_wconf 82' lang='grc' dir='ltr'><strong>ἂν</strong></span> <span class='ocrx_word' id='word_1_344' title='bbox 922 4285 1028 4353; x_wconf 70' lang='grc' dir='ltr'>γένοιτο,</span> <span class='ocrx_word' id='word_1_345' title='bbox 1057 4266 1185 4350; x_wconf 79' lang='lat' dir='ltr'><strong>qulbus</strong></span> <span class='ocrx_word' id='word_1_346' title='bbox 1208 4265 1328 4331; x_wconf 76' lang='lat' dir='ltr'><strong>VCl&#39;blS</strong></span> <span class='ocrx_word' id='word_1_347' title='bbox 1344 4278 1486 4347; x_wconf 73' lang='lat' dir='ltr'><strong>apparet</strong></span> 
     </span>
     <span class='ocr_line' id='line_1_39' title="bbox 205 4374 1484 4461; baseline -0.002 -24"><span class='ocrx_word' id='word_1_348' title='bbox 205 4375 395 4438; x_wconf 89' lang='lat' dir='ltr'><strong>maximum</strong></span> <span class='ocrx_word' id='word_1_349' title='bbox 421 4375 612 4442; x_wconf 89' lang='lat' dir='ltr'><strong>honestatis</strong></span> <span class='ocrx_word' id='word_1_350' title='bbox 636 4377 779 4461; x_wconf 91' lang='lat' dir='ltr'><strong>gradum</strong></span> <span class='ocrx_word' id='word_1_351' title='bbox 805 4389 1010 4460; x_wconf 89' lang='lat' dir='ltr'><strong>conceptum</strong></span> <span class='ocrx_word' id='word_1_352' title='bbox 1036 4393 1115 4441; x_wconf 88' lang='lat' dir='ltr'><strong>esse</strong></span> <span class='ocrx_word' id='word_1_353' title='bbox 1138 4376 1253 4438; x_wconf 92' lang='lat' dir='ltr'><strong>animo</strong></span> <span class='ocrx_word' id='word_1_354' title='bbox 1277 4386 1408 4456; x_wconf 88' lang='lat' dir='ltr'><strong>poetae,</strong></span> <span class='ocrx_word' id='word_1_355' title='bbox 1426 4374 1484 4452; x_wconf 93' lang='lat' dir='ltr'><strong>qui</strong></span> 
     </span>
     <span class='ocr_line' id='line_1_40' title="bbox 203 4482 1487 4568; baseline -0.002 -24"><span class='ocrx_word' id='word_1_356' title='bbox 203 4482 322 4563; x_wconf 90' lang='lat' dir='ltr'><strong>paucis</strong></span> <span class='ocrx_word' id='word_1_357' title='bbox 347 4482 510 4548; x_wconf 89' lang='lat' dir='ltr'><strong>versibus</strong></span> <span class='ocrx_word' id='word_1_358' title='bbox 535 4498 613 4550; x_wconf 92' lang='lat' dir='ltr'><strong>ante</strong></span> <span class='ocrx_word' id='word_1_359' title='bbox 638 4485 803 4565; x_wconf 90' lang='lat' dir='ltr'><strong>breviter,</strong></span> <span class='ocrx_word' id='word_1_360' title='bbox 829 4485 890 4550; x_wconf 91' lang='lat' dir='ltr'><strong>sed</strong></span> <span class='ocrx_word' id='word_1_361' title='bbox 922 4483 1096 4568; x_wconf 86' lang='lat' dir='ltr'><strong>profunde</strong></span> <span class='ocrx_word' id='word_1_362' title='bbox 1126 4486 1209 4566; x_wconf 92' lang='lat' dir='ltr'><strong>quid</strong></span> <span class='ocrx_word' id='word_1_363' title='bbox 1243 4485 1285 4550; x_wconf 90' lang='lat' dir='ltr'><strong>de</strong></span> <span class='ocrx_word' id='word_1_364' title='bbox 1310 4482 1487 4565; x_wconf 90' lang='lat' dir='ltr'><strong>religionis</strong></span> 
     </span>
     <span class='ocr_line' id='line_1_41' title="bbox 203 4585 1486 4676; baseline 0.012 -25"><span class='ocrx_word' id='word_1_365' title='bbox 203 4600 325 4653; x_wconf 88' lang='lat' dir='ltr'><strong>natura</strong></span> <span class='ocrx_word' id='word_1_366' title='bbox 347 4591 471 4656; x_wconf 89' lang='lat' dir='ltr'><strong>sentiat</strong></span> <span class='ocrx_word' id='word_1_367' title='bbox 495 4593 672 4676; x_wconf 92' lang='lat' dir='ltr'><strong>exprimit,</strong></span> <span class='ocrx_word' id='word_1_368' title='bbox 695 4611 773 4658; x_wconf 94' lang='lat' dir='ltr'><strong>cum</strong></span> <span class='ocrx_word' id='word_1_369' title='bbox 799 4597 960 4676; x_wconf 89' lang='lat' dir='ltr'><strong>pietatem</strong></span> <span class='ocrx_word' id='word_1_370' title='bbox 993 4601 1092 4674; x_wconf 91' lang='lat' dir='ltr'><strong>quasi</strong></span> <span class='ocrx_word' id='word_1_371' title='bbox 1117 4597 1221 4663; x_wconf 92' lang='lat' dir='ltr'><strong>animi</strong></span> <span class='ocrx_word' id='word_1_372' title='bbox 1255 4599 1433 4664; x_wconf 87' lang='lat' dir='ltr'><strong>sanitatem</strong></span> <span class='ocrx_word' id='word_1_373' title='bbox 1444 4585 1486 4666; x_wconf 58' lang='grc' dir='ltr'><strong>λι8)</strong></span> 
     </span>
    </p>
   </div>
   <div class='ocr_carea' id='block_1_9' title="bbox 0 0 1613 5040">
    <p class='ocr_par' dir='ltr' id='par_1_9' title="bbox 0 0 1613 5040">
     <span class='ocr_line' id='line_1_42' title="bbox 0 0 1613 5040; baseline 0 0"><span class='ocrx_word' id='word_1_374' title='bbox 0 0 1613 5040; x_wconf 95' lang='lat' dir='ltr'><strong> </strong></span> 
     </span>
    </p>
   </div>
  </div>
 </body>
</html>
