3216 5040
710 215 868 266 „30-

152 379 199 448 ίρᾳ
219 381 263 448 μεν
275 379 361 444 ἱα’νγνάς
381 374 488 446 napata
506 375 561 437 ναί,
582 359 640 425 ubi
659 359 776 425 ultima
794 358 902 424 verba
916 373 1011 424 sunt:
1028 381 1076 426 εαν
1096 373 1117 424 v
1137 357 1201 441 (sic
1220 372 1311 424 recte
1328 358 1430 442 Weil,

152 465 258 553 praef.
284 468 326 532 ad
351 464 471 550 Suppl.
496 486 528 550 p.
553 464 646 548 Xlll,
672 465 796 530 Nauck
819 464 906 548 τῶνδ’)
930 479 979 549 eya
1000 479 1142 550 παναίτιος.
1192 463 1296 530 Recte
1328 467 1431 550 igitur

152 557 307 642 Verrall:
332 571 408 639 Tho
423 573 522 639 those
540 571 785 657 (Valckenaer)
799 571 878 637 who
903 572 1074 638 condemn
1099 590 1132 636 v.
1157 576 1177 636 7
1201 589 1239 636 as
1256 574 1431 656 spurious,

152 685 177 748 it
201 685 230 748 is
256 681 386 766 replied
413 679 483 745 that
505 703 554 747 εαν
579 681 608 745 is
633 693 692 745 not
717 678 773 744 the
798 678 888 763 style
918 676 1019 744 olan
1050 676 1275 762 interpolator
1299 677 1433 763 (Hous-

154 788 257 871 man).
305 785 412 871 Quod
438 801 551 853 autem
578 784 819 852 Schneidewin
845 787 1017 852 adversus
1048 802 1191 850 versum
1222 782 1286 870 Ag.
1317 791 1338 851 7
1369 787 1433 854 hoc

152 913 291 980 quoque
337 893 486 961 aliirmat
535 893 682 959 verbum
729 908 828 980 εννίνενν
867 911 936 959 non
978 894 1096 976 utique
1143 893 1209 958 dici
1247 911 1351 977 posse
1389 896 1432 961 de

153 1021 276 1069 occasu
316 987 469 1067 siderum
511 999 635 1087 (ναννίνενν
678 1000 769 1066 kann
814 999 908 1065 nicht
955 998 1185 1084 schlechtweg
1229 1017 1312 1064 vom
1361 999 1431 1066 Un-

154 1123 294 1194 tergang
336 1109 399 1173 der
446 1103 613 1173 Gestirne
661 1107 871 1173 verstanden
918 1106 1097 1188 werden‘),
1141 1106 1337 1173 monendus
1378 1121 1427 1173 est

155 1215 253 1280 Pel'S.
286 1220 351 1280 235
382 1229 447 1303 τῆλε
468 1230 528 1300 πρὸς
548 1229 656 1300 δυσμαῖς
676 1228 785 1285 ἄνακτος
804 1228 896 1281 ‘lilim
916 1229 1110 1299 phtvuapn'tctov,
1139 1211 1198 1277 Ubi
1232 1213 1276 1278 de
1309 1231 1428 1280 Occasu

155 1320 239 1388 solis
275 1325 396 1407 agitur,
439 1335 472 1386 et
509 1319 690 1405 Hesychii,
724 1322 783 1404 qui
810 1337 987 1406 αωενείεμαενν
1021 1338 1083 1402 per
1113 1334 1233 1406 ανίίεεειν
1267 1321 1432 1405 explicat3

155 1443 258 1512 atque
282 1422 376 1512 quod
402 1428 492 1495 Weil
517 1429 558 1494 ad
584 1426 647 1512 Ag.
672 1432 692 1492 7
716 1428 874 1492 concedit
898 1441 998 1513 φνίνεεν
1019 1428 1119 1491 etiam
1145 1425 1188 1491 de
1213 1425 1304 1506 luna,
1330 1446 1432 1512 quam

155 1549 191 1602 ut
217 1536 326 1601 solem
352 1538 460 1620 magis
488 1535 562 1600 aliis
594 1537 627 1600 in
659 1531 726 1600 illis
758 1533 938 1610 sideribus,
964 1536 1114 1598 maxime
1144 1535 1341 1618 conspicuis
1374 1554 1436 1599 nu*

155 1644 353 1709 merandam
398 1661 475 1708 esse
510 1639 730 1708 manifestum
765 1656 827 1721 est,
861 1644 991 1725 optime
1024 1642 1090 1705 dici
1120 1659 1235 1724 posse,
1267 1659 1329 1732 cur
1364 1661 1434 1708 non

154 1752 234 1816 item
259 1750 304 1814 de
328 1749 403 1814 aliis
430 1748 497 1814 illis
523 1747 632 1814 stellis
656 1748 848 1834 illustribus
867 1749 1027 1832 usurpari
1046 1749 1166 1832 possit,
1184 1765 1252 1812 non
1272 1747 1435 1833 intelligo.

83 1870 86 1875 ’
156 1854 230 1921 Hac
255 1874 395 1940 quoque
421 1857 463 1921 da
487 1874 589 1921 causa
612 1873 754 1920 versum
781 1852 845 1939 Ag.
871 1852 1143 1938 7Aeschyleum
1169 1871 1248 1920 esse
1275 1853 1435 1936 arbitror,

154 1964 247 2049 quod
272 1963 443 2029 vocabulo
470 1978 587 2042 ἀντολάς,
608 1975 644 2028 ut
668 1964 822 2027 omittam
855 1962 888 2027 id
921 1979 1109 2046 syncopam
1143 1961 1233 2026 illam
1268 1961 1436 2028 exhibere

154 2088 172 2136 a
196 2084 296 2154 poeta
322 2083 446 2135 nostro
472 2069 699 2135 libentissime
725 2083 936 2152 usurpatam,
969 2071 1098 2151 optime
1123 2071 1319 2152 praeparari
1352 2083 1436 2153 puto

156 2174 322 2260 Aeschyli
350 2195 457 2256 more,
483 2177 517 2241 id
541 2177 635 2260 quod
660 2193 765 2259 supra
790 2178 856 2240 iam
891 2175 1045 2240 breviter
1076 2174 1237 2255 indicavi,
1262 2178 1436 2258 posterius

158 2282 307 2349 verbum
334 2297 520 2350 ίαανεείλαεαν
548 2301 582 2347 ν.
606 2286 660 2346 27.
686 2279 741 2347 Ad
759 2300 860 2367 quam
885 2299 1007 2346 vocem
1029 2280 1122 2364 quod
1140 2280 1320 2347 Wecklein
1338 2280 1438 2347 scho-

157 2390 274 2454 liastae
307 2404 362 2472 (ας
382 2404 420 2454 ενί
442 2403 536 2474 aemon
555 2403 575 2475 a,
596 2403 730 2476 σελήνης)
757 2391 912 2473 vestigiis
944 2390 1108 2453 insistens
1139 2390 1269 2472 optime
1298 2390 1437 2455 adnotat

157 2495 372 2562 excubitoris
397 2497 620 2580 cogitationes
645 2497 821 2560 etiamtum
847 2498 944 2581 quasi
975 2509 1061 2560 totas
1093 2497 1226 2561 versari
1252 2497 1285 2559 in
1318 2495 1437 2578 stellis,

156 2621 243 2689 quas
268 2616 335 2667 tam
360 2603 419 2667 diu
444 2602 656 2682 observavit,
681 2621 722 2668 eo
748 2605 854 2687 magis
872 2605 1105 2667 necessarium
1132 2620 1209 2668 esse
1227 2603 1434 2668 crediderim

158 2708 367 2776 vocabulum
393 2723 501 2786 ίνεελαίς
526 2711 591 2774 iam
617 2713 798 2794 superiore
830 2709 945 2793 aliquo
976 2710 1051 2774 loco
1084 2724 1287 2793 usurpatum
1319 2707 1437 2774 fuisse.

158 2813 226 2881 Sed
250 2816 326 2881 aliis
351 2834 490 2901 quoque
514 2816 694 2882 decausis
719 2816 899 2883 Wecklein
932 2835 1075 2882 versum
1102 2814 1165 2901 Ag.
1197 2820 1218 2880 7
1249 2819 1435 2900 genuinum

160 2941 238 2988 esse
272 2936 380 3007 negat.
430 2919 622 2990 Contendit
651 2926 742 2988 enim
776 2923 950 3008 dactylum
983 2926 1016 2988 in
1049 2924 1163 3006 primo
1193 2941 1319 2989 versus
1351 2924 1436 3007 pede

159 3047 227 3094 non
266 3031 416 3094 inveniri
451 3028 563 3095 solere
596 3031 661 3095 nisi
699 3032 732 3094 in
758 3029 958 3095 nominibus
994 3032 1156 3114 propriis.
1204 3027 1339 3097 Contra
1375 3029 1437 3097 hoc

159 3133 276 3201 afferri
301 3149 415 3219 potest
440 3134 624 3219 Euripides
649 3136 738 3219 apud
765 3132 877 3201 Strab.
909 3134 921 3200 l
947 3155 979 3220 p.
1008 3140 1051 3201 33
1074 3134 1132 3220 (de
1157 3134 1370 3220 Aethiopia):
1407 3151 1440 3225 ἣν

158 3257 185 3309 ἐκ
204 3257 351 3327 τεθρίππων
376 3259 497 3328 ἁρμάτων
518 3259 622 3330 πρώτην
641 3256 727 3328 χθόνα
746 3257 824 3330 ἣλιος
844 3257 952 3327 ἀνίσχων
964 3258 1062 3328 χρυσέᾳ
1082 3256 1174 3326 βάλλει
1193 3257 1277 3329 φλογί,
1292 3243 1349 3308 ubl
1364 3244 1441 3310 dac·

160 3347 253 3433 tylus
285 3363 362 3437 ἧλας
395 3351 492 3414 initio
525 3367 651 3414 versus
686 3351 868 3432 reperitur.
917 3346 1072 3414 Alterius
1106 3349 1256 3434 exempli
1290 3365 1384 3427 Ἴωνες
1421 3368 1439 3414 a

160 3452 293 3522 Crusio
320 3458 473 3521 monitus
498 3473 573 3520 sum
601 3453 727 3521 Aesch.
753 3452 914 3540 Choeph.
939 3460 1005 3520 984
1039 3471 1189 3543 εείγαεεραν
1213 3472 1305 3544 ἀνδρὸς
1330 3470 1439 3537 δείξαθ’,

161 3567 196 3630 ὡς
215 3566 257 3639 ἴδῃ
280 3571 378 3641 πατὴρ,
398 3567 447 3639 οὐχ
467 3567 553 3638 οὑμός,
573 3567 632 3619 ἀλλ’
653 3568 751 3620 ὁπάντ’
772 3567 918 3621 ἐποπτεύων
936 3567 996 3620 τάδε
1015 3567 1118 3633 Ἥλιος,
1139 3567 1237 3639 ἄναγνα
1260 3572 1360 3642 μητρὸς
1379 3569 1441 3640 ἔργα

159 3691 208 3756 aa,
230 3682 304 3754 ἐμῆς.
349 3666 427 3752 lpse
461 3669 588 3733 addere
620 3667 724 3732 velim
758 3687 792 3732 ν.
828 3674 866 3733 12
900 3666 1081 3753 fragmenti
1114 3674 1178 3734 464
1213 3669 1439 3754 (Wecklein):

160 3790 243 3840 είνεα
262 3787 365 3841 δίναεαε
384 3791 443 3860 γάρ·
463 3789 526 3853 tata
545 3788 567 3840 a>
586 3789 692 3860 ὑψίεεαν
711 3793 784 3842 asoa.
822 3772 938 3859 Atque
962 3778 991 3840 si
1016 3789 1168 3860 reputes,
1193 3795 1294 3861 quam
1314 3776 1439 3842 multae

161 3878 327 3964 Aeschyli
354 3878 488 3946 fabulae
512 3896 707 3964 temporum
733 3884 912 3966 iniquitate
940 3885 1117 3966 perierint,
1148 3883 1247 3967 plura
1277 3884 1339 3949 alia
1364 3884 1441 3949 dac·

162 3986 223 4071 tyli
249 3989 389 4053 ineunte
415 3990 551 4053 senario
576 3988 735 4072 exempla
758 3991 792 4054 in
820 3992 861 4054 iis
887 3992 1037 4055 inveniri
1055 4008 1158 4075 posse
1176 3990 1366 4056 verisimile
1386 3992 1440 4070 sit,

161 4095 195 4158 in
221 4094 365 4159 dubium
393 4098 511 4179 utique
536 4097 652 4160 vocari
687 4099 855 4162 sententia
887 4112 1000 4181 potest
1025 4097 1231 4164 Weckleinii
1266 4098 1439 4182 dactylum

160 4203 317 4284 exceptis
343 4200 543 4266 nominibus
568 4204 719 4286 propriis
745 4205 842 4269 initio
874 4222 999 4269 versus
1024 4208 1166 4270 omnino
1199 4207 1345 4289 reperiri
1384 4222 1442 4269 ne·

161 4309 331 4391 negantis;
357 4309 470 4393 itaque
494 4307 556 4373 hac
583 4310 617 4372 in
653 4327 690 4373 re
715 4307 887 4376 Verrallio
917 4312 958 4377 ad
990 4331 1022 4377 v.
1051 4317 1071 4377 7
1102 4314 1273 4377 assentior
1302 4308 1441 4396 (,There

161 4416 190 4478 is
215 4432 260 4479 no
284 4415 452 4480 evidence
469 4418 603 4499 against
630 4415 686 4481 the
711 4435 813 4483 verse
838 4432 961 4503 except
986 4417 1042 4485 the
1067 4421 1174 4503 rarity
1198 4416 1238 4484 of
1259 4417 1315 4483 the
1336 4417 1441 4484 initial

159 4521 286 4605 dactyl,
311 4521 372 4586 but
397 4523 421 4587 it
447 4537 539 4588 must
564 4522 605 4589 be
631 4522 774 4589 marked
799 4543 835 4590 as
860 4523 1055 4610 doubtful‘).
