<?xml version="1.0" encoding="UTF-8"?>
<!DOCTYPE html PUBLIC "-//W3C//DTD XHTML 1.0 Transitional//EN"
    "http://www.w3.org/TR/xhtml1/DTD/xhtml1-transitional.dtd">
<html xmlns="http://www.w3.org/1999/xhtml" xml:lang="en" lang="en">
 <head>
  <title>
</title>
<meta http-equiv="Content-Type" content="text/html;charset=utf-8" />
  <meta name='ocr-system' content='tesseract 3.04.00' />
  <meta name='ocr-capabilities' content='ocr_page ocr_carea ocr_par ocr_line ocrx_word'/>
</head>
<body>
  <div class='ocr_page' id='page_1' title='image "./studiainaeschyl00ruckgoog_0017.png"; bbox 0 0 3216 5040; ppageno 0'>
   <div class='ocr_carea' id='block_1_1' title="bbox 620 223 847 276">
    <p class='ocr_par' dir='ltr' id='par_1_1' title="bbox 620 223 847 276">
     <span class='ocr_line' id='line_1_1' title="bbox 620 223 847 276; baseline 0 -16"><span class='ocrx_word' id='word_1_1' title='bbox 620 223 847 276; x_wconf 73' lang='grc'>.-8-</span> 
     </span>
    </p>
   </div>
   <div class='ocr_carea' id='block_1_2' title="bbox 55 366 1435 4622">
    <p class='ocr_par' dir='ltr' id='par_1_2' title="bbox 55 366 1412 1629">
     <span class='ocr_line' id='line_1_2' title="bbox 55 366 1409 453; baseline -0.002 -19"><span class='ocrx_word' id='word_1_2' title='bbox 55 411 56 423; x_wconf 26' lang='grc' dir='ltr'><strong>κ</strong></span> <span class='ocrx_word' id='word_1_3' title='bbox 129 370 163 434; x_wconf 93' lang='lat' dir='ltr'>in</span> <span class='ocrx_word' id='word_1_4' title='bbox 181 366 428 452; x_wconf 75' lang='lat' dir='ltr'>‚supplicibus‘</span> <span class='ocrx_word' id='word_1_5' title='bbox 447 371 600 453; x_wconf 90' lang='lat' dir='ltr'>virgines</span> <span class='ocrx_word' id='word_1_6' title='bbox 619 366 886 452; x_wconf 90' lang='lat' dir='ltr'>Aegyptiadum,</span> <span class='ocrx_word' id='word_1_7' title='bbox 904 385 1052 452; x_wconf 91' lang='lat' dir='ltr'>quorum</span> <span class='ocrx_word' id='word_1_8' title='bbox 1069 367 1256 442; x_wconf 86' lang='lat' dir='ltr'>adventum</span> <span class='ocrx_word' id='word_1_9' title='bbox 1280 368 1409 446; x_wconf 92' lang='lat' dir='ltr'>timent,</span> 
     </span>
     <span class='ocr_line' id='line_1_3' title="bbox 129 471 1410 558; baseline -0.002 -18"><span class='ocrx_word' id='word_1_10' title='bbox 129 471 276 540; x_wconf 82' lang='lat' dir='ltr'><strong>ferociae</strong></span> <span class='ocrx_word' id='word_1_11' title='bbox 301 477 485 558; x_wconf 91' lang='lat' dir='ltr'>oppositae</span> <span class='ocrx_word' id='word_1_12' title='bbox 509 489 635 558; x_wconf 89' lang='lat' dir='ltr'>quanta</span> <span class='ocrx_word' id='word_1_13' title='bbox 660 489 741 539; x_wconf 92' lang='lat' dir='ltr'>sunt</span> <span class='ocrx_word' id='word_1_14' title='bbox 762 473 903 541; x_wconf 90' lang='lat' dir='ltr'>mollitia</span> <span class='ocrx_word' id='word_1_15' title='bbox 932 477 965 538; x_wconf 97' lang='lat' dir='ltr'>in</span> <span class='ocrx_word' id='word_1_16' title='bbox 984 472 1212 538; x_wconf 90' lang='lat' dir='ltr'>sollemnibus</span> <span class='ocrx_word' id='word_1_17' title='bbox 1230 471 1296 538; x_wconf 92' lang='lat' dir='ltr'>illis</span> <span class='ocrx_word' id='word_1_18' title='bbox 1313 473 1410 540; x_wconf 91' lang='lat' dir='ltr'>chori</span> 
     </span>
     <span class='ocr_line' id='line_1_4' title="bbox 128 580 1411 666; baseline -0.001 -20"><span class='ocrx_word' id='word_1_19' title='bbox 128 581 340 647; x_wconf 78' lang='lat' dir='ltr'>carminibus</span> <span class='ocrx_word' id='word_1_20' title='bbox 366 580 430 647; x_wconf 92' lang='lat' dir='ltr'>late</span> <span class='ocrx_word' id='word_1_21' title='bbox 461 584 637 647; x_wconf 86' lang='lat' dir='ltr'>etiamtum</span> <span class='ocrx_word' id='word_1_22' title='bbox 670 581 929 665; x_wconf 63' lang='lat' dir='ltr'>parentibusiil,</span> <span class='ocrx_word' id='word_1_23' title='bbox 954 580 1081 666; x_wconf 89' lang='lat' dir='ltr'>quibus</span> <span class='ocrx_word' id='word_1_24' title='bbox 1111 598 1245 645; x_wconf 92' lang='lat' dir='ltr'>summa</span> <span class='ocrx_word' id='word_1_25' title='bbox 1277 583 1411 645; x_wconf 93' lang='lat' dir='ltr'>miseri-</span> 
     </span>
     <span class='ocr_line' id='line_1_5' title="bbox 130 687 1410 773; baseline -0.002 -19"><span class='ocrx_word' id='word_1_26' title='bbox 130 689 246 754; x_wconf 84' lang='lat' dir='ltr'>cordia</span> <span class='ocrx_word' id='word_1_27' title='bbox 271 707 392 754; x_wconf 93' lang='lat' dir='ltr'>eorum</span> <span class='ocrx_word' id='word_1_28' title='bbox 419 691 478 771; x_wconf 92' lang='lat' dir='ltr'>qui</span> <span class='ocrx_word' id='word_1_29' title='bbox 505 688 689 754; x_wconf 91' lang='lat' dir='ltr'>audiebant</span> <span class='ocrx_word' id='word_1_30' title='bbox 706 691 840 754; x_wconf 92' lang='lat' dir='ltr'>animos</span> <span class='ocrx_word' id='word_1_31' title='bbox 865 687 1027 773; x_wconf 85' lang='lat' dir='ltr'>perfusos</span> <span class='ocrx_word' id='word_1_32' title='bbox 1045 706 1122 753; x_wconf 91' lang='lat' dir='ltr'>esse</span> <span class='ocrx_word' id='word_1_33' title='bbox 1140 687 1330 771; x_wconf 90' lang='lat' dir='ltr'>putandum</span> <span class='ocrx_word' id='word_1_34' title='bbox 1348 701 1410 753; x_wconf 91' lang='lat' dir='ltr'>est.</span> 
     </span>
     <span class='ocr_line' id='line_1_6' title="bbox 131 791 1409 878; baseline -0.002 -18"><span class='ocrx_word' id='word_1_35' title='bbox 131 794 224 861; x_wconf 89' lang='lat' dir='ltr'>Idem</span> <span class='ocrx_word' id='word_1_36' title='bbox 262 792 334 861; x_wconf 87' lang='lat' dir='ltr'>fere</span> <span class='ocrx_word' id='word_1_37' title='bbox 366 796 408 861; x_wconf 93' lang='lat' dir='ltr'>de</span> <span class='ocrx_word' id='word_1_38' title='bbox 441 796 549 860; x_wconf 94' lang='lat' dir='ltr'>choro</span> <span class='ocrx_word' id='word_1_39' title='bbox 583 796 778 861; x_wconf 91' lang='lat' dir='ltr'>timidarum</span> <span class='ocrx_word' id='word_1_40' title='bbox 810 809 843 861; x_wconf 93' lang='lat' dir='ltr'>et</span> <span class='ocrx_word' id='word_1_41' title='bbox 875 792 1147 878; x_wconf 72' lang='lat' dir='ltr'>trementium-2⁴)</span> <span class='ocrx_word' id='word_1_42' title='bbox 1182 797 1226 874; x_wconf 91' lang='lat' dir='ltr'>in,</span> <span class='ocrx_word' id='word_1_43' title='bbox 1260 791 1409 878; x_wconf 88' lang='lat' dir='ltr'>Septem&#39;</span> 
     </span>
     <span class='ocr_line' id='line_1_7' title="bbox 134 899 1410 988; baseline -0.002 -19"><span class='ocrx_word' id='word_1_44' title='bbox 134 905 307 988; x_wconf 93' lang='lat' dir='ltr'>virginum</span> <span class='ocrx_word' id='word_1_45' title='bbox 354 902 419 967; x_wconf 93' lang='lat' dir='ltr'>dici</span> <span class='ocrx_word' id='word_1_46' title='bbox 467 915 581 986; x_wconf 92' lang='lat' dir='ltr'>potest</span> <span class='ocrx_word' id='word_1_47' title='bbox 617 899 785 969; x_wconf 87' lang='lat' dir='ltr'>Creontis</span> <span class='ocrx_word' id='word_1_48' title='bbox 820 902 994 968; x_wconf 91' lang='lat' dir='ltr'>acerbitati</span> <span class='ocrx_word' id='word_1_49' title='bbox 1030 902 1268 985; x_wconf 89' lang='lat' dir='ltr'>oppositarum</span> <span class='ocrx_word' id='word_1_50' title='bbox 1300 919 1337 965; x_wconf 93' lang='lat' dir='ltr'>ac</span> <span class='ocrx_word' id='word_1_51' title='bbox 1368 901 1410 966; x_wconf 98' lang='lat' dir='ltr'>de</span> 
     </span>
     <span class='ocr_line' id='line_1_8' title="bbox 131 1007 1412 1095; baseline -0.002 -19"><span class='ocrx_word' id='word_1_52' title='bbox 131 1008 369 1076; x_wconf 92' lang='lat' dir='ltr'>Oceanidibus</span> <span class='ocrx_word' id='word_1_53' title='bbox 395 1012 428 1073; x_wconf 96' lang='lat' dir='ltr'>in</span> <span class='ocrx_word' id='word_1_54' title='bbox 458 1007 668 1076; x_wconf 88' lang='lat' dir='ltr'>Prometheo</span> <span class='ocrx_word' id='word_1_55' title='bbox 692 1009 896 1095; x_wconf 87' lang='lat' dir='ltr'>virginibus,</span> <span class='ocrx_word' id='word_1_56' title='bbox 927 1009 1054 1094; x_wconf 89' lang='lat' dir='ltr'>quibus</span> <span class='ocrx_word' id='word_1_57' title='bbox 1086 1007 1238 1074; x_wconf 92' lang='lat' dir='ltr'>masculo</span> <span class='ocrx_word' id='word_1_58' title='bbox 1269 1007 1412 1074; x_wconf 88' lang='lat' dir='ltr'>Prome-</span> 
     </span>
     <span class='ocr_line' id='line_1_9' title="bbox 133 1113 1411 1200; baseline -0.002 -18"><span class='ocrx_word' id='word_1_59' title='bbox 133 1116 201 1182; x_wconf 89' lang='lat' dir='ltr'>thei</span> <span class='ocrx_word' id='word_1_60' title='bbox 226 1118 341 1182; x_wconf 91' lang='lat' dir='ltr'>animo</span> <span class='ocrx_word' id='word_1_61' title='bbox 365 1118 536 1199; x_wconf 92' lang='lat' dir='ltr'>oppositis</span> <span class='ocrx_word' id='word_1_62' title='bbox 547 1113 587 1200; x_wconf 79' lang='lat'>²⁶)</span> <span class='ocrx_word' id='word_1_63' title='bbox 614 1115 708 1197; x_wconf 92' lang='lat' dir='ltr'>nihil,</span> <span class='ocrx_word' id='word_1_64' title='bbox 740 1131 776 1183; x_wconf 94' lang='lat' dir='ltr'>ut</span> <span class='ocrx_word' id='word_1_65' title='bbox 793 1119 838 1181; x_wconf 88' lang='lat' dir='ltr'>ait</span> <span class='ocrx_word' id='word_1_66' title='bbox 862 1115 951 1182; x_wconf 90' lang='lat' dir='ltr'>Weil</span> <span class='ocrx_word' id='word_1_67' title='bbox 977 1115 1109 1200; x_wconf 85' lang='lat' dir='ltr'>(Prom.</span> <span class='ocrx_word' id='word_1_68' title='bbox 1139 1120 1222 1180; x_wconf 87' lang='grc'><strong>1864</strong></span> <span class='ocrx_word' id='word_1_69' title='bbox 1247 1113 1353 1199; x_wconf 88' lang='lat' dir='ltr'>prael.</span> <span class='ocrx_word' id='word_1_70' title='bbox 1379 1133 1411 1198; x_wconf 91' lang='lat' dir='ltr'>p.</span> 
     </span>
     <span class='ocr_line' id='line_1_10' title="bbox 135 1219 1412 1307; baseline -0.001 -20"><span class='ocrx_word' id='word_1_71' title='bbox 135 1219 207 1306; x_wconf 88' lang='lat' dir='ltr'>IX),</span> <span class='ocrx_word' id='word_1_72' title='bbox 241 1222 376 1288; x_wconf 92' lang='lat' dir='ltr'>dulcius</span> <span class='ocrx_word' id='word_1_73' title='bbox 410 1238 463 1288; x_wconf 91' lang='lat' dir='ltr'>est</span> <span class='ocrx_word' id='word_1_74' title='bbox 489 1225 711 1307; x_wconf 88' lang='lat' dir='ltr'>teneriusque</span> <span class='ocrx_word' id='word_1_75' title='bbox 736 1226 824 1288; x_wconf 91' lang='lat' dir='ltr'>sicut</span> <span class='ocrx_word' id='word_1_76' title='bbox 848 1223 932 1288; x_wconf 93' lang='lat' dir='ltr'>nihil</span> <span class='ocrx_word' id='word_1_77' title='bbox 958 1224 1063 1289; x_wconf 90' lang='lat' dir='ltr'>heroe</span> <span class='ocrx_word' id='word_1_78' title='bbox 1088 1222 1146 1288; x_wconf 95' lang='lat' dir='ltr'>illo</span> <span class='ocrx_word' id='word_1_79' title='bbox 1171 1221 1306 1288; x_wconf 82' lang='lat' dir='ltr'>firmius</span> <span class='ocrx_word' id='word_1_80' title='bbox 1332 1240 1412 1287; x_wconf 93' lang='lat' dir='ltr'>con-</span> 
     </span>
     <span class='ocr_line' id='line_1_11' title="bbox 132 1327 1412 1414; baseline 0 -20"><span class='ocrx_word' id='word_1_81' title='bbox 132 1332 358 1412; x_wconf 90' lang='lat' dir='ltr'>stantiusque.</span> <span class='ocrx_word' id='word_1_82' title='bbox 401 1328 497 1395; x_wconf 90' lang='lat' dir='ltr'>Haec</span> <span class='ocrx_word' id='word_1_83' title='bbox 515 1327 680 1414; x_wconf 80' lang='lat' dir='ltr'>Aeschyli</span> <span class='ocrx_word' id='word_1_84' title='bbox 699 1333 803 1396; x_wconf 93' lang='lat' dir='ltr'>animi</span> <span class='ocrx_word' id='word_1_85' title='bbox 822 1333 983 1396; x_wconf 90' lang='lat' dir='ltr'>teneritas</span> <span class='ocrx_word' id='word_1_86' title='bbox 1007 1334 1107 1396; x_wconf 90' lang='lat' dir='ltr'>etiam</span> <span class='ocrx_word' id='word_1_87' title='bbox 1133 1349 1176 1395; x_wconf 92' lang='lat' dir='ltr'>ex</span> <span class='ocrx_word' id='word_1_88' title='bbox 1195 1333 1245 1395; x_wconf 91' lang='lat' dir='ltr'>eis</span> <span class='ocrx_word' id='word_1_89' title='bbox 1262 1331 1412 1413; x_wconf 90' lang='lat' dir='ltr'>denique</span> 
     </span>
     <span class='ocr_line' id='line_1_12' title="bbox 134 1435 1412 1521; baseline -0.001 -20"><span class='ocrx_word' id='word_1_90' title='bbox 134 1436 297 1502; x_wconf 91' lang='lat' dir='ltr'>versibus</span> <span class='ocrx_word' id='word_1_91' title='bbox 322 1435 443 1517; x_wconf 91' lang='lat' dir='ltr'>elucet,</span> <span class='ocrx_word' id='word_1_92' title='bbox 468 1436 596 1520; x_wconf 89' lang='lat' dir='ltr'>quibus</span> <span class='ocrx_word' id='word_1_93' title='bbox 618 1435 772 1502; x_wconf 87' lang='lat' dir='ltr'>Helenae</span> <span class='ocrx_word' id='word_1_94' title='bbox 791 1436 1059 1521; x_wconf 89' lang='lat' dir='ltr'>pulchritudinis</span> <span class='ocrx_word' id='word_1_95' title='bbox 1076 1439 1175 1521; x_wconf 92' lang='lat' dir='ltr'>quasi</span> <span class='ocrx_word' id='word_1_96' title='bbox 1192 1437 1412 1502; x_wconf 91' lang='lat' dir='ltr'>daemonicae</span> 
     </span>
     <span class='ocr_line' id='line_1_13' title="bbox 134 1541 1411 1629; baseline -0.002 -21"><span class='ocrx_word' id='word_1_97' title='bbox 134 1542 355 1626; x_wconf 88' lang='lat' dir='ltr'>splendorem</span> <span class='ocrx_word' id='word_1_98' title='bbox 371 1556 404 1608; x_wconf 91' lang='lat' dir='ltr'>et</span> <span class='ocrx_word' id='word_1_99' title='bbox 422 1545 627 1610; x_wconf 91' lang='lat' dir='ltr'>suavitatem</span> <span class='ocrx_word' id='word_1_100' title='bbox 645 1547 792 1609; x_wconf 91' lang='lat' dir='ltr'>summis</span> <span class='ocrx_word' id='word_1_101' title='bbox 806 1543 966 1609; x_wconf 92' lang='lat' dir='ltr'>laudibus</span> <span class='ocrx_word' id='word_1_102' title='bbox 979 1542 1079 1610; x_wconf 85' lang='lat' dir='ltr'>effert</span> <span class='ocrx_word' id='word_1_103' title='bbox 1092 1541 1170 1629; x_wconf 87' lang='lat' dir='ltr'>(Ag.</span> <span class='ocrx_word' id='word_1_104' title='bbox 1185 1563 1218 1609; x_wconf 90' lang='lat' dir='ltr'>v.</span> <span class='ocrx_word' id='word_1_105' title='bbox 1232 1548 1297 1608; x_wconf 84' lang='lat'>738</span> <span class='ocrx_word' id='word_1_106' title='bbox 1311 1541 1411 1627; x_wconf 90' lang='lat' dir='ltr'>sqq.).</span> 
     </span>
    </p>

    <p class='ocr_par' dir='ltr' id='par_1_3' title="bbox 92 1648 1435 4622">
     <span class='ocr_line' id='line_1_14' title="bbox 223 1648 1412 1736; baseline 0.003 -23"><span class='ocrx_word' id='word_1_107' title='bbox 223 1649 275 1714; x_wconf 88' lang='lat' dir='ltr'>Ex</span> <span class='ocrx_word' id='word_1_108' title='bbox 300 1649 354 1715; x_wconf 93' lang='lat' dir='ltr'>his</span> <span class='ocrx_word' id='word_1_109' title='bbox 379 1669 467 1734; x_wconf 91' lang='lat' dir='ltr'>quae</span> <span class='ocrx_word' id='word_1_110' title='bbox 493 1653 558 1714; x_wconf 94' lang='lat' dir='ltr'>iam</span> <span class='ocrx_word' id='word_1_111' title='bbox 585 1651 656 1716; x_wconf 87' lang='lat' dir='ltr'>dixi</span> <span class='ocrx_word' id='word_1_112' title='bbox 682 1666 774 1734; x_wconf 89' lang='lat' dir='ltr'>patet</span> <span class='ocrx_word' id='word_1_113' title='bbox 805 1649 1031 1735; x_wconf 83' lang='lat' dir='ltr'>Aeschylum,</span> <span class='ocrx_word' id='word_1_114' title='bbox 1060 1654 1119 1734; x_wconf 90' lang='lat' dir='ltr'>qui</span> <span class='ocrx_word' id='word_1_115' title='bbox 1150 1665 1275 1736; x_wconf 89' lang='lat' dir='ltr'>quanta</span> <span class='ocrx_word' id='word_1_116' title='bbox 1310 1648 1412 1716; x_wconf 85' lang='lat' dir='ltr'>fuerit</span> 
     </span>
     <span class='ocr_line' id='line_1_15' title="bbox 131 1755 1413 1839; baseline 0.002 -20"><span class='ocrx_word' id='word_1_117' title='bbox 131 1757 257 1839; x_wconf 91' lang='lat' dir='ltr'>ingenii</span> <span class='ocrx_word' id='word_1_118' title='bbox 283 1755 485 1822; x_wconf 86' lang='lat' dir='ltr'>excellentia</span> <span class='ocrx_word' id='word_1_119' title='bbox 515 1760 603 1822; x_wconf 90' lang='lat' dir='ltr'>inter</span> <span class='ocrx_word' id='word_1_120' title='bbox 635 1777 757 1823; x_wconf 90' lang='lat' dir='ltr'>omnes</span> <span class='ocrx_word' id='word_1_121' title='bbox 788 1773 931 1839; x_wconf 89' lang='lat' dir='ltr'>constat,</span> <span class='ocrx_word' id='word_1_122' title='bbox 961 1777 1029 1824; x_wconf 93' lang='lat' dir='ltr'>non</span> <span class='ocrx_word' id='word_1_123' title='bbox 1055 1757 1167 1824; x_wconf 93' lang='lat' dir='ltr'>solum</span> <span class='ocrx_word' id='word_1_124' title='bbox 1200 1761 1314 1823; x_wconf 88' lang='lat' dir='ltr'>animo</span> <span class='ocrx_word' id='word_1_125' title='bbox 1345 1756 1413 1823; x_wconf 85' lang='lat' dir='ltr'>for-</span> 
     </span>
     <span class='ocr_line' id='line_1_16' title="bbox 132 1863 1414 1946; baseline 0.002 -20"><span class='ocrx_word' id='word_1_126' title='bbox 132 1864 266 1928; x_wconf 90' lang='lat' dir='ltr'>tissimo</span> <span class='ocrx_word' id='word_1_127' title='bbox 291 1878 324 1928; x_wconf 93' lang='lat' dir='ltr'>et</span> <span class='ocrx_word' id='word_1_128' title='bbox 349 1866 500 1928; x_wconf 86' lang='lat' dir='ltr'>maxime</span> <span class='ocrx_word' id='word_1_129' title='bbox 526 1879 680 1945; x_wconf 93' lang='lat' dir='ltr'>strenuo,</span> <span class='ocrx_word' id='word_1_130' title='bbox 705 1865 766 1930; x_wconf 90' lang='lat' dir='ltr'>sed</span> <span class='ocrx_word' id='word_1_131' title='bbox 792 1867 975 1946; x_wconf 88' lang='lat' dir='ltr'>mitissimo</span> <span class='ocrx_word' id='word_1_132' title='bbox 1007 1866 1128 1931; x_wconf 89' lang='lat' dir='ltr'>eodem</span> <span class='ocrx_word' id='word_1_133' title='bbox 1156 1863 1263 1930; x_wconf 88' lang='lat' dir='ltr'>luisse</span> <span class='ocrx_word' id='word_1_134' title='bbox 1294 1880 1326 1930; x_wconf 93' lang='lat' dir='ltr'>et</span> <span class='ocrx_word' id='word_1_135' title='bbox 1351 1865 1414 1928; x_wconf 94' lang='lat' dir='ltr'>hu-</span> 
     </span>
     <span class='ocr_line' id='line_1_17' title="bbox 132 1969 1435 2055; baseline 0.002 -22"><span class='ocrx_word' id='word_1_136' title='bbox 132 1972 345 2047; x_wconf 87' lang='lat' dir='ltr'>manissimo.</span> <span class='ocrx_word' id='word_1_137' title='bbox 396 1969 491 2035; x_wconf 91' lang='lat' dir='ltr'>Haec</span> <span class='ocrx_word' id='word_1_138' title='bbox 517 1969 712 2036; x_wconf 91' lang='lat' dir='ltr'>humanitas</span> <span class='ocrx_word' id='word_1_139' title='bbox 737 1971 792 2036; x_wconf 91' lang='lat' dir='ltr'>vel</span> <span class='ocrx_word' id='word_1_140' title='bbox 818 1974 968 2037; x_wconf 88' lang='lat' dir='ltr'>maxime</span> <span class='ocrx_word' id='word_1_141' title='bbox 992 1991 1036 2037; x_wconf 91' lang='lat' dir='ltr'>ex</span> <span class='ocrx_word' id='word_1_142' title='bbox 1068 1974 1110 2036; x_wconf 91' lang='lat' dir='ltr'>iis</span> <span class='ocrx_word' id='word_1_143' title='bbox 1141 1990 1280 2055; x_wconf 91' lang='lat' dir='ltr'>quoque</span> <span class='ocrx_word' id='word_1_144' title='bbox 1311 1989 1435 2055; x_wconf 87' lang='lat' dir='ltr'>appa·.</span> 
     </span>
     <span class='ocr_line' id='line_1_18' title="bbox 133 2077 1412 2161; baseline 0.004 -22"><span class='ocrx_word' id='word_1_145' title='bbox 133 2093 210 2140; x_wconf 91' lang='lat' dir='ltr'>rere</span> <span class='ocrx_word' id='word_1_146' title='bbox 239 2077 321 2141; x_wconf 94' lang='lat' dir='ltr'>mihi</span> <span class='ocrx_word' id='word_1_147' title='bbox 350 2077 506 2158; x_wconf 70' lang='lat' dir='ltr'>viderur,</span> <span class='ocrx_word' id='word_1_148' title='bbox 541 2095 628 2160; x_wconf 91' lang='lat' dir='ltr'>quae</span> <span class='ocrx_word' id='word_1_149' title='bbox 662 2092 771 2161; x_wconf 88' lang='lat' dir='ltr'>poeta,</span> <span class='ocrx_word' id='word_1_150' title='bbox 805 2096 882 2143; x_wconf 92' lang='lat' dir='ltr'>cum</span> <span class='ocrx_word' id='word_1_151' title='bbox 917 2082 1022 2144; x_wconf 92' lang='lat' dir='ltr'>vitam</span> <span class='ocrx_word' id='word_1_152' title='bbox 1063 2079 1246 2143; x_wconf 92' lang='lat' dir='ltr'>humanam</span> <span class='ocrx_word' id='word_1_153' title='bbox 1282 2078 1412 2144; x_wconf 95' lang='lat' dir='ltr'>bonum</span> 
     </span>
     <span class='ocr_line' id='line_1_19' title="bbox 134 2182 1415 2268; baseline 0.004 -22"><span class='ocrx_word' id='word_1_154' title='bbox 134 2182 401 2266; x_wconf 88' lang='lat' dir='ltr'>incomparabile</span> <span class='ocrx_word' id='word_1_155' title='bbox 418 2198 452 2248; x_wconf 92' lang='lat' dir='ltr'>et</span> <span class='ocrx_word' id='word_1_156' title='bbox 473 2183 706 2267; x_wconf 88' lang='lat' dir='ltr'>irreparabile,</span> <span class='ocrx_word' id='word_1_157' title='bbox 724 2187 879 2249; x_wconf 94' lang='lat' dir='ltr'>omnium</span> <span class='ocrx_word' id='word_1_158' title='bbox 902 2185 1052 2268; x_wconf 90' lang='lat' dir='ltr'>denique</span> <span class='ocrx_word' id='word_1_159' title='bbox 1070 2203 1186 2250; x_wconf 90' lang='lat' dir='ltr'>rerum</span> <span class='ocrx_word' id='word_1_160' title='bbox 1205 2188 1415 2268; x_wconf 91' lang='lat' dir='ltr'>pretiosissi-</span> 
     </span>
     <span class='ocr_line' id='line_1_20' title="bbox 136 2289 1412 2376; baseline 0.005 -24"><span class='ocrx_word' id='word_1_161' title='bbox 136 2307 225 2352; x_wconf 93' lang='lat' dir='ltr'>mam</span> <span class='ocrx_word' id='word_1_162' title='bbox 243 2308 321 2354; x_wconf 91' lang='lat' dir='ltr'>esse</span> <span class='ocrx_word' id='word_1_163' title='bbox 338 2289 566 2356; x_wconf 89' lang='lat' dir='ltr'>arbitraretur</span> <span class='ocrx_word' id='word_1_164' title='bbox 591 2290 636 2355; x_wconf 93' lang='lat' dir='ltr'>ob</span> <span class='ocrx_word' id='word_1_165' title='bbox 661 2309 807 2374; x_wconf 88' lang='lat' dir='ltr'>eamque</span> <span class='ocrx_word' id='word_1_166' title='bbox 832 2310 904 2356; x_wconf 94' lang='lat' dir='ltr'>rem</span> <span class='ocrx_word' id='word_1_167' title='bbox 928 2292 1092 2357; x_wconf 90' lang='lat' dir='ltr'>damnum</span> <span class='ocrx_word' id='word_1_168' title='bbox 1111 2295 1288 2376; x_wconf 86' lang='lat' dir='ltr'>sanguinis</span> <span class='ocrx_word' id='word_1_169' title='bbox 1306 2293 1412 2359; x_wconf 91' lang='lat' dir='ltr'>semel</span> 
     </span>
     <span class='ocr_line' id='line_1_21' title="bbox 132 2394 1412 2483; baseline 0.003 -23"><span class='ocrx_word' id='word_1_170' title='bbox 132 2394 266 2478; x_wconf 88' lang='lat' dir='ltr'>prolusi</span> <span class='ocrx_word' id='word_1_171' title='bbox 304 2397 455 2462; x_wconf 91' lang='lat' dir='ltr'>hominis</span> <span class='ocrx_word' id='word_1_172' title='bbox 493 2396 584 2462; x_wconf 89' lang='lat' dir='ltr'>nulla</span> <span class='ocrx_word' id='word_1_173' title='bbox 623 2396 685 2462; x_wconf 88' lang='lat' dir='ltr'>alia</span> <span class='ocrx_word' id='word_1_174' title='bbox 725 2417 761 2462; x_wconf 89' lang='lat' dir='ltr'>re</span> <span class='ocrx_word' id='word_1_175' title='bbox 801 2413 944 2463; x_wconf 91' lang='lat' dir='ltr'>externa</span> <span class='ocrx_word' id='word_1_176' title='bbox 987 2402 1145 2464; x_wconf 90' lang='lat' dir='ltr'>resarciri</span> <span class='ocrx_word' id='word_1_177' title='bbox 1181 2415 1239 2464; x_wconf 92' lang='lat' dir='ltr'>aut</span> <span class='ocrx_word' id='word_1_178' title='bbox 1270 2401 1412 2483; x_wconf 88' lang='lat' dir='ltr'>rependi</span> 
     </span>
     <span class='ocr_line' id='line_1_22' title="bbox 134 2502 1414 2589; baseline 0.004 -22"><span class='ocrx_word' id='word_1_179' title='bbox 134 2521 237 2586; x_wconf 91' lang='lat' dir='ltr'>posse</span> <span class='ocrx_word' id='word_1_180' title='bbox 262 2503 423 2587; x_wconf 91' lang='lat' dir='ltr'>plurimis</span> <span class='ocrx_word' id='word_1_181' title='bbox 449 2502 584 2588; x_wconf 56' lang='lat' dir='ltr'>locisffi)</span> <span class='ocrx_word' id='word_1_182' title='bbox 612 2519 779 2585; x_wconf 90' lang='lat' dir='ltr'>moneret,</span> <span class='ocrx_word' id='word_1_183' title='bbox 812 2509 973 2589; x_wconf 89' lang='lat' dir='ltr'>quamvis</span> <span class='ocrx_word' id='word_1_184' title='bbox 997 2521 1100 2571; x_wconf 93' lang='lat' dir='ltr'>vetus</span> <span class='ocrx_word' id='word_1_185' title='bbox 1125 2506 1223 2571; x_wconf 91' lang='lat' dir='ltr'>miles</span> <span class='ocrx_word' id='word_1_186' title='bbox 1240 2506 1414 2572; x_wconf 89' lang='lat' dir='ltr'>Maratho-</span> 
     </span>
     <span class='ocr_line' id='line_1_23' title="bbox 135 2609 1415 2700; baseline 0.003 -26"><span class='ocrx_word' id='word_1_187' title='bbox 135 2609 263 2695; x_wconf 74' lang='lat' dir='ltr'>nius2⁷l</span> <span class='ocrx_word' id='word_1_188' title='bbox 290 2611 508 2676; x_wconf 90' lang='lat' dir='ltr'>nihilosetius</span> <span class='ocrx_word' id='word_1_189' title='bbox 533 2611 576 2676; x_wconf 93' lang='lat' dir='ltr'>de</span> <span class='ocrx_word' id='word_1_190' title='bbox 603 2610 692 2700; x_wconf 91' lang='lat' dir='ltr'>bello</span> <span class='ocrx_word' id='word_1_191' title='bbox 717 2612 896 2693; x_wconf 89' lang='lat' dir='ltr'>sentiebat,</span> <span class='ocrx_word' id='word_1_192' title='bbox 921 2614 1014 2697; x_wconf 89' lang='lat' dir='ltr'>quod</span> <span class='ocrx_word' id='word_1_193' title='bbox 1047 2616 1159 2698; x_wconf 91' lang='lat' dir='ltr'>ipsum</span> <span class='ocrx_word' id='word_1_194' title='bbox 1193 2631 1255 2697; x_wconf 91' lang='lat' dir='ltr'>per</span> <span class='ocrx_word' id='word_1_195' title='bbox 1286 2632 1323 2679; x_wconf 91' lang='lat' dir='ltr'>se</span> <span class='ocrx_word' id='word_1_196' title='bbox 1353 2616 1415 2678; x_wconf 93' lang='lat' dir='ltr'>mi-</span> 
     </span>
     <span class='ocr_line' id='line_1_24' title="bbox 133 2718 1415 2805; baseline 0.005 -25"><span class='ocrx_word' id='word_1_197' title='bbox 133 2719 225 2781; x_wconf 87' lang='lat' dir='ltr'>nime</span> <span class='ocrx_word' id='word_1_198' title='bbox 261 2718 400 2783; x_wconf 89' lang='lat' dir='ltr'>videtur</span> <span class='ocrx_word' id='word_1_199' title='bbox 426 2733 576 2798; x_wconf 86' lang='lat' dir='ltr'>amasse,</span> <span class='ocrx_word' id='word_1_200' title='bbox 609 2720 780 2802; x_wconf 91' lang='lat' dir='ltr'>imprimis</span> <span class='ocrx_word' id='word_1_201' title='bbox 811 2738 888 2784; x_wconf 95' lang='lat' dir='ltr'>cum</span> <span class='ocrx_word' id='word_1_202' title='bbox 922 2721 1142 2805; x_wconf 89' lang='lat' dir='ltr'>expugnandi</span> <span class='ocrx_word' id='word_1_203' title='bbox 1175 2720 1280 2786; x_wconf 91' lang='lat' dir='ltr'>urbes</span> <span class='ocrx_word' id='word_1_204' title='bbox 1321 2724 1415 2805; x_wconf 92' lang='lat' dir='ltr'>cupi-</span> 
     </span>
     <span class='ocr_line' id='line_1_25' title="bbox 134 2822 1414 2914; baseline 0.002 -26"><span class='ocrx_word' id='word_1_205' title='bbox 134 2822 238 2888; x_wconf 89' lang='lat' dir='ltr'>ditate</span> <span class='ocrx_word' id='word_1_206' title='bbox 262 2823 338 2889; x_wconf 87' lang='lat' dir='ltr'>aliis</span> <span class='ocrx_word' id='word_1_207' title='bbox 364 2823 494 2889; x_wconf 93' lang='lat' dir='ltr'>illatum</span> <span class='ocrx_word' id='word_1_208' title='bbox 521 2839 592 2889; x_wconf 89' lang='lat' dir='ltr'>erat</span> <span class='ocrx_word' id='word_1_209' title='bbox 618 2822 673 2909; x_wconf 85' lang='lat' dir='ltr'>(cl.</span> <span class='ocrx_word' id='word_1_210' title='bbox 700 2822 763 2909; x_wconf 91' lang='lat' dir='ltr'>Ag.</span> <span class='ocrx_word' id='word_1_211' title='bbox 795 2830 861 2890; x_wconf 87' lang='grc'>478</span> <span class='ocrx_word' id='word_1_212' title='bbox 892 2843 954 2912; x_wconf 64' lang='grc' dir='ltr'>μήτ’</span> <span class='ocrx_word' id='word_1_213' title='bbox 976 2839 1236 2914; x_wconf 55' lang='lat' dir='ltr'>almannum-fg,</span> <span class='ocrx_word' id='word_1_214' title='bbox 1262 2825 1324 2912; x_wconf 92' lang='lat' dir='ltr'>Ag.</span> <span class='ocrx_word' id='word_1_215' title='bbox 1349 2833 1414 2892; x_wconf 87' lang='grc'>474</span> 
     </span>
     <span class='ocr_line' id='line_1_26' title="bbox 134 2929 1414 3017; baseline 0.003 -22"><span class='ocrx_word' id='word_1_216' title='bbox 134 2952 183 2995; x_wconf 75' lang='grc' dir='ltr'>τῶν</span> <span class='ocrx_word' id='word_1_217' title='bbox 204 2944 365 2997; x_wconf 76' lang='grc' dir='ltr'>πολυκτόνων</span> <span class='ocrx_word' id='word_1_218' title='bbox 385 2949 435 3016; x_wconf 67' lang='grc' dir='ltr'>γὰρ</span> <span class='ocrx_word' id='word_1_219' title='bbox 456 2945 502 2999; x_wconf 76' lang='grc' dir='ltr'>οὐκ</span> <span class='ocrx_word' id='word_1_220' title='bbox 528 2945 638 2997; x_wconf 73' lang='grc' dir='ltr'>ἄσκοποι</span> <span class='ocrx_word' id='word_1_221' title='bbox 658 2929 743 3014; x_wconf 73' lang='lat' dir='ltr'>beai),</span> <span class='ocrx_word' id='word_1_222' title='bbox 760 2930 800 3016; x_wconf 75' lang='grc'>28)</span> <span class='ocrx_word' id='word_1_223' title='bbox 826 2947 973 2998; x_wconf 72' lang='lat' dir='ltr'>attamen</span> <span class='ocrx_word' id='word_1_224' title='bbox 998 2937 1096 3016; x_wconf 86' lang='lat' dir='ltr'>quasi</span> <span class='ocrx_word' id='word_1_225' title='bbox 1121 2952 1256 2999; x_wconf 72' lang='lat' dir='ltr'>sacrum</span> <span class='ocrx_word' id='word_1_226' title='bbox 1275 2934 1414 3017; x_wconf 72' lang='lat' dir='ltr'>putabat</span> 
     </span>
     <span class='ocr_line' id='line_1_27' title="bbox 135 3040 1412 3122; baseline 0.003 -22"><span class='ocrx_word' id='word_1_227' title='bbox 135 3054 224 3116; x_wconf 90' lang='lat' dir='ltr'>esse,</span> <span class='ocrx_word' id='word_1_228' title='bbox 248 3055 326 3101; x_wconf 94' lang='lat' dir='ltr'>cum</span> <span class='ocrx_word' id='word_1_229' title='bbox 352 3055 416 3120; x_wconf 93' lang='lat' dir='ltr'>pro</span> <span class='ocrx_word' id='word_1_230' title='bbox 442 3041 550 3121; x_wconf 90' lang='lat' dir='ltr'>patria</span> <span class='ocrx_word' id='word_1_231' title='bbox 582 3053 615 3102; x_wconf 92' lang='lat' dir='ltr'>et</span> <span class='ocrx_word' id='word_1_232' title='bbox 645 3056 722 3103; x_wconf 87' lang='lat' dir='ltr'>cara</span> <span class='ocrx_word' id='word_1_233' title='bbox 739 3042 961 3122; x_wconf 90' lang='lat' dir='ltr'>parentium,</span> <span class='ocrx_word' id='word_1_234' title='bbox 996 3040 1192 3121; x_wconf 86' lang='lat' dir='ltr'>mulierum,</span> <span class='ocrx_word' id='word_1_235' title='bbox 1225 3040 1412 3106; x_wconf 93' lang='lat' dir='ltr'>liberorum</span> 
     </span>
     <span class='ocr_line' id='line_1_28' title="bbox 92 3142 1413 3231; baseline 0.005 -25"><span class='ocrx_word' id='word_1_236' title='bbox 92 3209 95 3217; x_wconf 80' lang='grc'>,</span> <span class='ocrx_word' id='word_1_237' title='bbox 134 3145 245 3207; x_wconf 89' lang='lat' dir='ltr'>vitaa</span> <span class='ocrx_word' id='word_1_238' title='bbox 277 3142 505 3208; x_wconf 89' lang='lat' dir='ltr'>barbarorum</span> <span class='ocrx_word' id='word_1_239' title='bbox 537 3147 746 3210; x_wconf 88' lang='lat' dir='ltr'>immanitate</span> <span class='ocrx_word' id='word_1_240' title='bbox 776 3144 1036 3230; x_wconf 72' lang='lat' dir='ltr'>defendenda²⁹l</span> <span class='ocrx_word' id='word_1_241' title='bbox 1064 3147 1257 3231; x_wconf 86' lang='lat' dir='ltr'>gerebatur.</span> <span class='ocrx_word' id='word_1_242' title='bbox 1305 3147 1413 3213; x_wconf 86' lang='lat' dir='ltr'>Etiam</span> 
     </span>
     <span class='ocr_line' id='line_1_29' title="bbox 133 3249 1415 3337; baseline 0.005 -24"><span class='ocrx_word' id='word_1_243' title='bbox 133 3250 372 3333; x_wconf 90' lang='lat' dir='ltr'>compluribus</span> <span class='ocrx_word' id='word_1_244' title='bbox 399 3250 466 3315; x_wconf 92' lang='lat' dir='ltr'>illis</span> <span class='ocrx_word' id='word_1_245' title='bbox 491 3251 587 3317; x_wconf 88' lang='lat' dir='ltr'>velut</span> <span class='ocrx_word' id='word_1_246' title='bbox 611 3255 644 3316; x_wconf 97' lang='lat' dir='ltr'>in</span> <span class='ocrx_word' id='word_1_247' title='bbox 671 3249 818 3318; x_wconf 88' lang='lat' dir='ltr'>Siciliam</span> <span class='ocrx_word' id='word_1_248' title='bbox 845 3269 878 3319; x_wconf 90' lang='lat' dir='ltr'>et</span> <span class='ocrx_word' id='word_1_249' title='bbox 903 3257 934 3318; x_wconf 94' lang='lat' dir='ltr'>in</span> <span class='ocrx_word' id='word_1_250' title='bbox 964 3251 1144 3319; x_wconf 91' lang='lat' dir='ltr'>Thraciam</span> <span class='ocrx_word' id='word_1_251' title='bbox 1156 3253 1196 3337; x_wconf 69' lang='lat'>³⁰)</span> <span class='ocrx_word' id='word_1_252' title='bbox 1222 3254 1415 3336; x_wconf 90' lang='lat' dir='ltr'>itineribus,</span> 
     </span>
     <span class='ocr_line' id='line_1_30' title="bbox 135 3356 1415 3445; baseline 0.005 -25"><span class='ocrx_word' id='word_1_253' title='bbox 135 3356 226 3421; x_wconf 89' lang='lat' dir='ltr'>unde</span> <span class='ocrx_word' id='word_1_254' title='bbox 260 3376 419 3422; x_wconf 90' lang='lat' dir='ltr'>manasse</span> <span class='ocrx_word' id='word_1_255' title='bbox 451 3359 589 3423; x_wconf 89' lang='lat' dir='ltr'>videtur</span> <span class='ocrx_word' id='word_1_256' title='bbox 621 3359 773 3425; x_wconf 91' lang='lat' dir='ltr'>studium</span> <span class='ocrx_word' id='word_1_257' title='bbox 807 3359 889 3424; x_wconf 92' lang='lat' dir='ltr'>illud</span> <span class='ocrx_word' id='word_1_258' title='bbox 926 3360 1054 3425; x_wconf 93' lang='lat' dir='ltr'>alienas</span> <span class='ocrx_word' id='word_1_259' title='bbox 1089 3375 1198 3426; x_wconf 90' lang='lat' dir='ltr'>terras</span> <span class='ocrx_word' id='word_1_260' title='bbox 1227 3380 1415 3445; x_wconf 88' lang='lat' dir='ltr'>earumque</span> 
     </span>
     <span class='ocr_line' id='line_1_31' title="bbox 138 3463 1415 3551; baseline 0.006 -25"><span class='ocrx_word' id='word_1_261' title='bbox 138 3463 300 3528; x_wconf 87' lang='lat' dir='ltr'>miracula</span> <span class='ocrx_word' id='word_1_262' title='bbox 326 3463 382 3548; x_wconf 86' lang='lat' dir='ltr'>(cl.</span> <span class='ocrx_word' id='word_1_263' title='bbox 402 3463 518 3532; x_wconf 89' lang='lat' dir='ltr'>Prom.</span> <span class='ocrx_word' id='word_1_264' title='bbox 537 3485 569 3531; x_wconf 84' lang='lat' dir='ltr'>v.</span> <span class='ocrx_word' id='word_1_265' title='bbox 588 3470 652 3529; x_wconf 80' lang='lat'>723</span> <span class='ocrx_word' id='word_1_266' title='bbox 670 3465 760 3551; x_wconf 81' lang='lat' dir='ltr'>sqq.)</span> <span class='ocrx_word' id='word_1_267' title='bbox 778 3465 959 3551; x_wconf 86' lang='lat' dir='ltr'>diligenter</span> <span class='ocrx_word' id='word_1_268' title='bbox 976 3483 1009 3532; x_wconf 93' lang='lat' dir='ltr'>et</span> <span class='ocrx_word' id='word_1_269' title='bbox 1027 3470 1167 3551; x_wconf 91' lang='lat' dir='ltr'>copiose</span> <span class='ocrx_word' id='word_1_270' title='bbox 1185 3469 1415 3549; x_wconf 91' lang='lat' dir='ltr'>describendi,</span> 
     </span>
     <span class='ocr_line' id='line_1_32' title="bbox 134 3569 1416 3656; baseline 0.007 -24"><span class='ocrx_word' id='word_1_271' title='bbox 134 3569 311 3636; x_wconf 87' lang='lat' dir='ltr'>adauctam</span> <span class='ocrx_word' id='word_1_272' title='bbox 337 3569 647 3656; x_wconf 85' lang='lat' dir='ltr'>amplificatamque</span> <span class='ocrx_word' id='word_1_273' title='bbox 660 3572 700 3655; x_wconf 79' lang='lat'>³⁰)</span> <span class='ocrx_word' id='word_1_274' title='bbox 728 3571 818 3638; x_wconf 88' lang='lat' dir='ltr'>illam</span> <span class='ocrx_word' id='word_1_275' title='bbox 844 3573 1090 3639; x_wconf 88' lang='lat' dir='ltr'>humanitatem</span> <span class='ocrx_word' id='word_1_276' title='bbox 1118 3589 1151 3639; x_wconf 91' lang='lat' dir='ltr'>et</span> <span class='ocrx_word' id='word_1_277' title='bbox 1185 3578 1314 3640; x_wconf 90' lang='lat' dir='ltr'>variam</span> <span class='ocrx_word' id='word_1_278' title='bbox 1341 3577 1416 3656; x_wconf 86' lang='lat' dir='ltr'>ejus</span> 
     </span>
     <span class='ocr_line' id='line_1_33' title="bbox 137 3675 1416 3765; baseline 0.005 -25"><span class='ocrx_word' id='word_1_279' title='bbox 137 3675 487 3761; x_wconf 86' lang='lat' dir='ltr'>multiplicemque³¹)</span> <span class='ocrx_word' id='word_1_280' title='bbox 514 3697 629 3743; x_wconf 89' lang='lat' dir='ltr'>rerum</span> <span class='ocrx_word' id='word_1_281' title='bbox 662 3693 695 3743; x_wconf 88' lang='lat' dir='ltr'>et</span> <span class='ocrx_word' id='word_1_282' title='bbox 725 3679 904 3744; x_wconf 90' lang='lat' dir='ltr'>hominum</span> <span class='ocrx_word' id='word_1_283' title='bbox 930 3682 1107 3745; x_wconf 89' lang='lat' dir='ltr'>scientiam</span> <span class='ocrx_word' id='word_1_284' title='bbox 1137 3682 1327 3765; x_wconf 88' lang='lat' dir='ltr'>putandum</span> <span class='ocrx_word' id='word_1_285' title='bbox 1354 3697 1416 3762; x_wconf 89' lang='lat' dir='ltr'>est,</span> 
     </span>
     <span class='ocr_line' id='line_1_34' title="bbox 134 3773 1414 3870; baseline 0.005 -23"><span class='ocrx_word' id='word_1_286' title='bbox 134 3800 201 3865; x_wconf 88' lang='lat' dir='ltr'>qua</span> <span class='ocrx_word' id='word_1_287' title='bbox 227 3803 264 3848; x_wconf 93' lang='lat' dir='ltr'>re</span> <span class='ocrx_word' id='word_1_288' title='bbox 290 3783 415 3849; x_wconf 87' lang='lat' dir='ltr'>factum</span> <span class='ocrx_word' id='word_1_289' title='bbox 443 3785 695 3866; x_wconf 91' lang='lat' dir='ltr'>videturesse,</span> <span class='ocrx_word' id='word_1_290' title='bbox 720 3801 756 3851; x_wconf 96' lang='lat' dir='ltr'>ut</span> <span class='ocrx_word' id='word_1_291' title='bbox 781 3779 814 3850; x_wconf 91' lang='lat' dir='ltr'>in</span> <span class='ocrx_word' id='word_1_292' title='bbox 841 3806 978 3852; x_wconf 93' lang='lat' dir='ltr'>summo</span> <span class='ocrx_word' id='word_1_293' title='bbox 1011 3791 1139 3870; x_wconf 88' lang='lat' dir='ltr'>patriae</span> <span class='ocrx_word' id='word_1_294' title='bbox 1172 3773 1289 3853; x_wconf 87' lang='lat' dir='ltr'>amore</span> <span class='ocrx_word' id='word_1_295' title='bbox 1314 3793 1414 3855; x_wconf 90' lang='lat' dir='ltr'>etiam</span> 
     </span>
     <span class='ocr_line' id='line_1_35' title="bbox 133 3893 1416 3980; baseline 0.006 -27"><span class='ocrx_word' id='word_1_296' title='bbox 133 3893 398 3974; x_wconf 91' lang='lat' dir='ltr'>peregrinorum</span> <span class='ocrx_word' id='word_1_297' title='bbox 418 3910 485 3972; x_wconf 91' lang='lat' dir='ltr'>res,</span> <span class='ocrx_word' id='word_1_298' title='bbox 505 3894 669 3973; x_wconf 91' lang='lat' dir='ltr'>instituta,</span> <span class='ocrx_word' id='word_1_299' title='bbox 687 3896 834 3958; x_wconf 91' lang='lat' dir='ltr'>virtutes</span> <span class='ocrx_word' id='word_1_300' title='bbox 851 3896 943 3974; x_wconf 91' lang='lat' dir='ltr'>justo</span> <span class='ocrx_word' id='word_1_301' title='bbox 962 3897 1073 3978; x_wconf 91' lang='lat' dir='ltr'>pretio</span> <span class='ocrx_word' id='word_1_302' title='bbox 1092 3897 1274 3960; x_wconf 88' lang='lat' dir='ltr'>aestimare</span> <span class='ocrx_word' id='word_1_303' title='bbox 1288 3912 1416 3980; x_wconf 91' lang='lat' dir='ltr'>posset,</span> 
     </span>
     <span class='ocr_line' id='line_1_36' title="bbox 135 3997 1415 4087; baseline 0.007 -27"><span class='ocrx_word' id='word_1_304' title='bbox 135 3998 169 4061; x_wconf 95' lang='lat' dir='ltr'>id</span> <span class='ocrx_word' id='word_1_305' title='bbox 189 3999 281 4082; x_wconf 89' lang='lat' dir='ltr'>quod</span> <span class='ocrx_word' id='word_1_306' title='bbox 305 3999 523 4064; x_wconf 92' lang='lat' dir='ltr'>diuturniore</span> <span class='ocrx_word' id='word_1_307' title='bbox 546 4001 620 4080; x_wconf 86' lang='lat' dir='ltr'>ejus</span> <span class='ocrx_word' id='word_1_308' title='bbox 644 4003 676 4063; x_wconf 95' lang='lat' dir='ltr'>in</span> <span class='ocrx_word' id='word_1_309' title='bbox 703 3997 815 4066; x_wconf 88' lang='lat' dir='ltr'>Sicilia</span> <span class='ocrx_word' id='word_1_310' title='bbox 838 4002 928 4084; x_wconf 88' lang='lat' dir='ltr'>apud</span> <span class='ocrx_word' id='word_1_311' title='bbox 955 4001 1145 4067; x_wconf 89' lang='lat' dir='ltr'>Hieronem</span> <span class='ocrx_word' id='word_1_312' title='bbox 1164 4002 1415 4087; x_wconf 89' lang='lat' dir='ltr'>Syracusarum</span> 
     </span>
     <span class='ocr_line' id='line_1_37' title="bbox 136 4108 1416 4191; baseline 0.006 -23"><span class='ocrx_word' id='word_1_313' title='bbox 136 4118 333 4186; x_wconf 88' lang='lat' dir='ltr'>tyrannum,</span> <span class='ocrx_word' id='word_1_314' title='bbox 345 4120 523 4189; x_wconf 88' lang='lat' dir='ltr'>poetarum</span> <span class='ocrx_word' id='word_1_315' title='bbox 540 4121 735 4189; x_wconf 88' lang='lat' dir='ltr'>patronum,</span> <span class='ocrx_word' id='word_1_316' title='bbox 746 4108 919 4173; x_wconf 91' lang='lat' dir='ltr'>domicilio</span> <span class='ocrx_word' id='word_1_317' title='bbox 931 4111 1162 4175; x_wconf 89' lang='lat' dir='ltr'>demonstrari</span> <span class='ocrx_word' id='word_1_318' title='bbox 1175 4111 1257 4175; x_wconf 92' lang='lat' dir='ltr'>mihi</span> <span class='ocrx_word' id='word_1_319' title='bbox 1268 4112 1416 4191; x_wconf 90' lang='lat' dir='ltr'>videtur,</span> 
     </span>
     <span class='ocr_line' id='line_1_38' title="bbox 137 4208 1416 4300; baseline 0.006 -25"><span class='ocrx_word' id='word_1_320' title='bbox 137 4211 193 4275; x_wconf 95' lang='lat' dir='ltr'>ubi</span> <span class='ocrx_word' id='word_1_321' title='bbox 206 4230 284 4275; x_wconf 91' lang='lat' dir='ltr'>eum</span> <span class='ocrx_word' id='word_1_322' title='bbox 303 4208 442 4294; x_wconf 88' lang='lat' dir='ltr'>(Gelae)</span> <span class='ocrx_word' id='word_1_323' title='bbox 457 4216 556 4278; x_wconf 88' lang='lat' dir='ltr'>etiam</span> <span class='ocrx_word' id='word_1_324' title='bbox 570 4229 744 4279; x_wconf 92' lang='lat' dir='ltr'>mortuum</span> <span class='ocrx_word' id='word_1_325' title='bbox 760 4234 837 4280; x_wconf 90' lang='lat' dir='ltr'>esse</span> <span class='ocrx_word' id='word_1_326' title='bbox 857 4231 999 4281; x_wconf 90' lang='lat' dir='ltr'>constat.</span> <span class='ocrx_word' id='word_1_327' title='bbox 1012 4215 1093 4282; x_wconf 90' lang='lat' dir='ltr'>Illuc</span> <span class='ocrx_word' id='word_1_328' title='bbox 1105 4235 1211 4300; x_wconf 88' lang='lat' dir='ltr'>quare</span> <span class='ocrx_word' id='word_1_329' title='bbox 1223 4234 1416 4283; x_wconf 91' lang='lat' dir='ltr'>commotus</span> 
     </span>
     <span class='ocr_line' id='line_1_39' title="bbox 136 4317 1415 4407; baseline 0.006 -26"><span class='ocrx_word' id='word_1_330' title='bbox 136 4335 243 4382; x_wconf 91' lang='lat' dir='ltr'>senex</span> <span class='ocrx_word' id='word_1_331' title='bbox 262 4320 385 4382; x_wconf 89' lang='lat' dir='ltr'>iterum</span> <span class='ocrx_word' id='word_1_332' title='bbox 408 4317 552 4384; x_wconf 82' lang='lat' dir='ltr'>Athenis</span> <span class='ocrx_word' id='word_1_333' title='bbox 570 4323 801 4404; x_wconf 88' lang='lat' dir='ltr'>emigraverit,</span> <span class='ocrx_word' id='word_1_334' title='bbox 819 4325 951 4386; x_wconf 90' lang='lat' dir='ltr'>etiamsi</span> <span class='ocrx_word' id='word_1_335' title='bbox 970 4323 1156 4387; x_wconf 93' lang='lat' dir='ltr'>obscurum</span> <span class='ocrx_word' id='word_1_336' title='bbox 1176 4325 1288 4407; x_wconf 73' lang='lat' dir='ltr'>est,³²)</span> <span class='ocrx_word' id='word_1_337' title='bbox 1304 4339 1415 4390; x_wconf 87' lang='lat' dir='ltr'>tamen</span> 
     </span>
     <span class='ocr_line' id='line_1_40' title="bbox 136 4425 1416 4516; baseline 0.008 -29"><span class='ocrx_word' id='word_1_338' title='bbox 136 4425 294 4508; x_wconf 89' lang='lat' dir='ltr'>equidem</span> <span class='ocrx_word' id='word_1_339' title='bbox 323 4427 652 4516; x_wconf 22' lang='lat' dir='ltr'>universosupoetae</span> <span class='ocrx_word' id='word_1_340' title='bbox 678 4431 787 4493; x_wconf 90' lang='lat' dir='ltr'>nostri</span> <span class='ocrx_word' id='word_1_341' title='bbox 820 4445 934 4493; x_wconf 90' lang='lat' dir='ltr'>mores</span> <span class='ocrx_word' id='word_1_342' title='bbox 968 4433 1158 4512; x_wconf 90' lang='lat' dir='ltr'>respiciens</span> <span class='ocrx_word' id='word_1_343' title='bbox 1190 4430 1416 4497; x_wconf 89' lang='lat' dir='ltr'>libentissime</span> 
     </span>
     <span class='ocr_line' id='line_1_41' title="bbox 136 4531 1417 4622; baseline 0.009 -28"><span class='ocrx_word' id='word_1_344' title='bbox 136 4531 354 4612; x_wconf 90' lang='lat' dir='ltr'>crediderim,</span> <span class='ocrx_word' id='word_1_345' title='bbox 380 4549 456 4596; x_wconf 92' lang='lat' dir='ltr'>cum</span> <span class='ocrx_word' id='word_1_346' title='bbox 487 4531 682 4617; x_wconf 90' lang='lat' dir='ltr'>Aeschylus</span> <span class='ocrx_word' id='word_1_347' title='bbox 708 4549 744 4599; x_wconf 95' lang='lat' dir='ltr'>ut</span> <span class='ocrx_word' id='word_1_348' title='bbox 774 4533 957 4610; x_wconf 86' lang='lat' dir='ltr'>Pindarus,</span> <span class='ocrx_word' id='word_1_349' title='bbox 983 4538 1081 4617; x_wconf 84' lang='lat' dir='ltr'>cujus</span> <span class='ocrx_word' id='word_1_350' title='bbox 1105 4551 1177 4600; x_wconf 91' lang='lat' dir='ltr'>erat</span> <span class='ocrx_word' id='word_1_351' title='bbox 1208 4553 1241 4603; x_wconf 92' lang='lat' dir='ltr'>et</span> <span class='ocrx_word' id='word_1_352' title='bbox 1265 4540 1417 4622; x_wconf 90' lang='lat' dir='ltr'>aequalis</span> 
     </span>
    </p>
   </div>
   <div class='ocr_carea' id='block_1_3' title="bbox 0 0 1622 5040">
    <p class='ocr_par' dir='ltr' id='par_1_4' title="bbox 0 0 1622 5040">
     <span class='ocr_line' id='line_1_42' title="bbox 0 0 1622 5040; baseline 0 0"><span class='ocrx_word' id='word_1_353' title='bbox 0 0 1622 5040; x_wconf 95' lang='lat' dir='ltr'> </span> 
     </span>
    </p>
   </div>
  </div>
 </body>
</html>
