3216 5040
708 290 867 342 ...33-

143 438 225 503 drae
260 437 479 501 tristissimae
515 434 713 502 lamentatio
747 450 891 503 vocatur
922 450 1110 522 νομοςομονος
1138 434 1201 522 Ag.
1238 441 1322 502 1150
1350 455 1381 504 οο
1407 453 1428 504 δ’

141 560 257 632 ἐπίφοβα
275 557 397 629 δυσφάτῳ
415 559 521 629 κλαγγᾷ
540 557 690 626 μελοτυπεῖς
709 558 775 628 όμοῠ
803 559 824 610 τ’
853 557 954 630 ὀρθίοις
981 557 1004 609 ἐν
1027 559 1115 628 νόμοις
1148 541 1179 629 (a
1211 543 1428 611 Weckleinio

140 671 212 718 non
239 650 328 716 bene
352 652 386 714 in
412 664 542 737 μομοιος
561 666 650 735 κομοος
675 647 869 735 mutatum),
894 652 1064 734 vagientis
1081 648 1240 716 infantuli
1259 650 1428 716 clamores

140 772 314 826 vocantur
338 770 416 842 ’όρθια
447 771 596 842 κελεόματα
629 755 721 825 Ch0.
739 759 803 822 747
829 770 884 840 (καὶ
903 771 1109 844 νυκτιπλάγκτων
1128 771 1223 844 όρδίων
1241 772 1428 844 κελευμάτων),

142 868 188 932 de
214 863 394 930 Furiarum
418 864 569 946 denique
594 877 706 945 cantu,
730 882 834 948 quem
859 863 987 954 chorus
1014 862 1077 949 Ag.
1100 868 1163 929 981
1190 881 1291 953 κρῆνον
1322 879 1429 951 λὶμκνοος

145 976 166 1039 1.
189 990 217 1037 e.
244 969 425 1055 lugubrem
451 968 655 1036 cantilenam
674 973 838 1050 nominat,
862 986 1026 1058 εκομονοιζοκν
1051 985 1239 1055 usurpatur
1260 969 1324 1056 Ag.
1344 976 1430 1037 1108

143 1095 218 1148 ποίαν
237 1092 336 1164 Ἐρινὺν
356 1091 432 1165 τήνδε
451 1092 566 1162 δώμασιν
584 1092 650 1164 κέλῃ
670 1091 834 1165 ἐπορθάζειν;
855 1090 884 1144 οὔ
905 1112 936 1163 με
958 1092 1087 1164 ροιιδρόνει
1106 1093 1194 1164 λόγος.
1238 1076 1293 1143 Ad
1318 1078 1429 1144 Medi·

142 1190 194 1253 cei
219 1200 332 1252 autem
358 1199 562 1270 ολολογμλν...
583 1199 761 1271 ικομομιοιζονν
785 1183 820 1269 (1.
845 1203 874 1250 e.
899 1198 1035 1250 cantum
1064 1186 1268 1250 matutinum
1294 1203 1428 1267 canere,

101 1321 103 1326 ·
143 1295 330 1360 clamorem
356 1294 561 1358 matutinum
588 1288 721 1376 tollere)
739 1289 897 1358 conferas
919 1305 1060 1359 κολοκκον
1080 1307 1252 1379 ὲκομομομοι
1276 1317 1428 1380 κεκραγμῶν

145 1401 236 1467 Plua
261 1397 382 1485 Symp.
406 1395 441 1480 3,
461 1402 493 1479 6,
517 1403 537 1464 4
562 1396 746 1484 (clamores
770 1397 952 1482 matutini).
994 1397 1147 1481 Accedit,
1164 1400 1258 1483 quod
1283 1414 1429 1486 ολολογμον

146 1524 307 1595 apparatam
327 1525 395 1572 non
420 1507 463 1571 de
489 1524 555 1572 una
580 1520 729 1590 persona
754 1505 904 1571 solitaria
930 1520 966 1571 ut
991 1503 1260 1590 Clytaemestra,
1293 1507 1354 1573 sed
1385 1506 1428 1572 de

145 1630 281 1682 caterva
308 1627 437 1679 tantum
465 1611 649 1678 mulierum
675 1613 741 1677 dici
766 1630 870 1695 posse
902 1611 985 1678 mihi
1011 1613 1161 1678 videtur.
1210 1611 1294 1678 Inde
1326 1614 1429 1698 igitur

142 1722 256 1788 elucet
289 1720 372 1785 haec
407 1733 472 1784 tam
505 1721 632 1784 eximia
666 1719 865 1800 mentiendi,
901 1718 1062 1803 fingendi,
1099 1719 1297 1801 simulandi,
1328 1721 1430 1786 dissi-

144 1829 299 1895 mulandi
332 1828 521 1892 dexteritas
555 1823 846 1919 Clytaemestrae,
879 1843 967 1910 quae
1000 1845 1079 1891 cum
1114 1829 1187 1909 ipsa
1224 1829 1267 1891 sit
1308 1841 1428 1892 natura

144 1938 296 2000 maxime
320 1936 423 2018 impia
442 1931 498 2017 (cl.
523 1947 634 2010 λοοοοος
653 1949 717 2018 γονοι
747 1930 839 2000 Cho.
872 1936 926 2014 45,
955 1932 1045 2017 523),
1078 1947 1189 1998 tamen
1220 1933 1358 1999 simulat
1391 1952 1428 1999 se

146 2059 281 2107 summa
305 2043 338 2106 in
364 2041 449 2106 deos
474 2042 598 2124 pietate
623 2058 711 2107 esse.
760 2037 819 2107 cf.
845 2038 909 2125 Ag.
933 2045 978 2105 88
1006 2058 1082 2124 sqq.
1107 2057 1207 2107 κοινοονν
1232 2055 1258 2106 λι
1283 2059 1353 2107 aaut
1380 2065 1429 2108 κον

147 2156 302 2225 ἀστυνόμων,
321 2155 433 2218 ὑπάτων,
452 2153 575 2225 χθονίων,
594 2162 643 2206 των
661 2154 683 2206 τ’
703 2153 827 2227 οὐρανίων
847 2162 895 2205 τῶν
915 2154 936 2205 τ’
957 2153 1097 2226 ἀγοραίων,
1122 2151 1207 2223 βωμοὶ
1233 2153 1338 2225 δώροισι
1363 2156 1427 2226 yle-

144 2291 242 2343 yoxcott,
263 2254 324 2341 Ag.
349 2260 416 2321 599
456 2276 595 2340 γυναικεῐοι
636 2271 711 2340 νόμοι
755 2251 818 2338 (Sic
842 2256 972 2337 optime
997 2252 1117 2320 Sellbll
1134 2254 1315 2321 Wecklein
1345 2260 1429 2320 1888

144 2364 293 2430 Medicei
333 2362 479 2428 lectione
517 2375 654 2446 γονονκκκμ
674 2377 745 2446 νόμῳ
782 2360 958 2444 paululum
1001 2361 1142 2444 mutata)
1183 2375 1328 2448 λλολογμον
1348 2376 1429 2438 ἄλλος

143 2487 259 2540 ἄλλοθεν
277 2489 345 2537 κατὰ
364 2484 451 2536 πτόλιν
471 2483 582 2536 ἔλασκον
602 2482 780 2557 εὐφημοῦντες
800 2484 825 2536 ὲν
845 2487 915 2535 θεῶν
936 2482 1029 2554 ἕδραις,
1050 2467 1113 2554 Ag.
1139 2473 1204 2534 592
1226 2483 1428 2555 ἀνωλολόξαμεν

129 2593 228 2645 amn
246 2600 332 2662 γομος
353 2591 464 2646 tmesi
484 2589 699 2662 (ονολολοεκμον
722 2576 945 2641 scribendum
981 2594 1059 2641 cum
1096 2570 1255 2642 Mediceo
1289 2579 1429 2642 ceteris-

90 2707 93 2714 ’
146 2701 214 2766 que
239 2681 348 2761 tibris,
373 2700 440 2747 non
465 2701 543 2747 cum
570 2680 755 2766 Stephano,
777 2681 995 2748 Weckleinio
1019 2683 1165 2766 aliisque
1195 2698 1349 2762 λνοολολοξο
1375 2700 1428 2768 μὲν,

147 2791 227 2874 quia
253 2787 317 2853 hoc
341 2805 386 2874 μεν
410 2806 486 2854 cum
513 2789 730 2856 Weckleinio
753 2807 931 2873 opponere
956 2790 1143 2873 particulae
1168 2805 1193 2857 λι
1214 2810 1247 2856 ν.
1272 2794 1338 2855 599
1365 2791 1429 2856 du-

147 2898 325 2962 rissimum
351 2909 413 2977 est,
445 2899 574 2980 optime
605 2909 719 2961 autem
751 2898 939 2980 respondet
973 2911 1176 2983 ονολολοεομον
1208 2898 1427 2982 praecedenti

145 3003 243 3069 chori
280 3002 463 3069 hortationi
504 3017 593 3089 δόμοις
612 3017 638 3070 δὲ
657 3020 798 3071 ταῦτακαὶ
819 2996 1022 3091 Κλυταιμήστρᾳ
1042 3019 1128 3089 μέλειν
1147 3018 1216 3082 εἰκός
1236 3019 1357 3090 μάλιστα,
1385 3006 1428 3070 ad

146 3129 248 3194 quam
280 3124 357 3194 apte
388 3111 469 3176 dicit
501 3107 759 3193 Clytaemestra
788 3113 853 3176 iam
884 3111 943 3176 diu
974 3111 1058 3178 illud
1089 3109 1213 3178 lactum
1247 3129 1325 3177 esse
1354 3130 1429 3177 mu·

147 3217 269 3282 lierum
301 3220 335 3284 in
370 3221 443 3302 ipsa
476 3217 581 3283 domo
615 3219 706 3301 regia
737 3217 905 3300 cantibus,
941 3221 1000 3302 qui
1036 3231 1261 3302 opponuntur
1296 3217 1359 3283 hac
1390 3237 1428 3284 re

147 3322 352 3390 feminarum
378 3343 441 3408 per
466 3323 587 3390 urbem
613 3325 781 3407 cantibus,
806 3323 848 3392 cl.
867 3340 1012 3411 ολολογμον
1026 3382 1031 3393 .
1046 3382 1073 3394 ..
1092 3345 1159 3392 κοκοι
1178 3341 1264 3393 κνολν
1283 3345 1316 3391 ν.
1336 3322 1427 3410 600).

146 3427 243 3513 Quin
278 3433 344 3497 iam
374 3449 481 3496 versu
516 3437 560 3497 23
593 3447 850 3518 γομονκοκοιονκονν
869 3447 973 3499 οολλον
992 3447 1133 3520 ὲνἈμγον
1164 3434 1306 3498 indicari
1343 3432 1427 3499 mihi

145 3538 285 3604 videtur
309 3538 364 3603 illa
389 3540 524 3622 pietatis
542 3538 714 3604 simulatio
732 3535 1021 3622 Clytaemestrae,
1039 3557 1127 3623 quae
1144 3542 1209 3604 iam
1228 3541 1287 3605 diu
1304 3558 1426 3606 omnes

145 3644 352 3729 religionum
386 3646 613 3710 caerimonias
646 3659 679 3711 et
710 3663 767 3710 res
799 3643 904 3711 festas
932 3645 1116 3731 diligenter
1144 3647 1366 3711 ordinaverat
1394 3661 1427 3712 et

143 3751 295 3833 jusserat
327 3751 369 3814 ad
403 3751 487 3816 illud
516 3751 621 3817 horae
654 3739 881 3834 momentum,
910 3772 980 3837 quo
1012 3749 1152 3818 Troiam
1185 3771 1262 3818 esse
1293 3767 1425 3837 captam

146 3859 339 3923 nuntiatum
365 3871 467 3922 esset.
518 3856 633 3944 Atque
657 3862 745 3925 sicut
770 3858 833 3944 Ag.
869 3863 935 3924 618
964 3857 1222 3944 Clytaemestra
1256 3860 1427 3925 mendaci-

145 3980 245 4028 orum
271 3963 371 4048 plena
396 3967 494 4048 quasi
520 3964 681 4033 refertam
707 3970 852 4032 veritate
873 3968 1063 4032 orationem
1082 3984 1179 4030 suam
1203 3983 1281 4031 esse
1305 3966 1429 4051 gloria-

148 4080 203 4133 tur
236 4086 338 4152 (τοιόσδ’
358 4087 371 4138 ό
390 4089 491 4158 κόμπος
510 4099 554 4161 τῆς
574 4087 708 4162 ἀληθείας
726 4092 814 4159 γέμων
833 4089 879 4141 oux
899 4086 1003 4159 αἰσχρός
1023 4088 1059 4150 ως
1077 4091 1176 4159 γυναικὶ
1195 4088 1299 4160 γενναίᾳ
1317 4089 1426 4157 λακεῖν),

146 4177 191 4241 ita
216 4191 259 4242 ex
283 4180 324 4244 iis
348 4198 436 4265 quae
460 4183 526 4245 iatn
551 4180 624 4246 dixi
648 4193 750 4264 patet,
779 4198 858 4245 cum
889 4182 1032 4246 omnino
1062 4180 1218 4246 mulieris
1250 4180 1426 4265 religionis

145 4300 285 4366 quoque
309 4286 430 4369 plenae
455 4289 604 4370 speciem
629 4304 711 4370 prae
736 4305 773 4351 se
798 4284 898 4352 ferre·
915 4286 1080 4369 studeret,
1097 4288 1241 4353 eandem
1260 4305 1338 4352 cum
1352 4290 1426 4370 pari

145 4389 364 4458 simulatione
388 4394 504 4460 dicere
529 4396 684 4477 potuisse
709 4411 745 4458 se
775 4411 853 4458 esse
878 4407 1010 4478 οιοκροιος
1029 4409 1169 4482 γιμοοοον.
1213 4392 1342 4460 Tribus
1367 4397 1427 4480 igi·

146 4510 201 4563 tur
225 4499 404 4565 vocabulis
429 4515 609 4588 ονομοροολον,
629 4515 736 4580 attint,
758 4515 941 4588 τκομομοιονν
961 4504 1022 4567 tria
1053 4499 1333 4588 Clytaemestrae
1354 4521 1427 4568 mo-

145 4622 222 4670 rum
252 4607 335 4672 vitia
364 4607 548 4691 significari
581 4607 664 4673 mihi
700 4626 718 4673 a
747 4622 847 4692 poeta
883 4609 1060 4676 videntur.
1118 4607 1234 4693 Quam
1272 4610 1316 4677 ob
1352 4629 1424 4676 rem
